3280 5048
680 341 901 405 -55..

205 525 337 607 eiusque
360 521 466 603 rebus,
489 539 508 584 a
530 537 559 583 v.
579 519 621 582 35
646 519 684 582 de
707 535 742 583 ss
764 519 832 604 ipse
854 517 1006 601 loquitur.
1051 515 1176 580 Petita
1199 517 1381 600 spectatori·

204 612 274 694 bus,
305 617 341 674 ut
363 611 447 673 hane
468 607 608 671 tabulam
631 608 757 671 silentio
779 611 934 690 spectent,
962 610 999 670 ut
1021 605 1082 668 sibi
1104 605 1197 669 liceat
1220 607 1380 669 statarium

206 720 306 784 agere
353 698 479 762 Etenim
503 703 622 760 ceteras
644 696 767 760 tabulas
789 695 978 780 plerumque
1000 695 1150 758 motorias
1173 712 1250 774 esse,
1277 696 1321 757 ita
1345 700 1381 758 ut

207 789 268 853 sibi
290 792 395 872 partes
413 783 499 851 servi
518 787 681 866 currentis,
704 786 775 848 irati
795 786 889 865 senis,
912 783 1032 847 similes
1049 783 1191 866 agendae
1209 784 1281 846 sint.
1316 783 1382 848 Sua

207 879 308 962 ipsius
330 878 435 960 igitur.
451 893 546 938 causa
568 893 636 938 sese
654 875 714 937 boc
731 879 836 958 petere
855 893 873 936 a
892 872 1129 957 spectatoribus,
1152 891 1217 935 non
1236 873 1381 956 repostis,

209 968 325 1050 quippe
353 967 409 1049 qui
437 963 497 1027 sibi
525 963 607 1028 solas
629 962 753 1026 tubulas
775 962 947 1026 laboriosas
971 961 1120 1025 deferant
1165 960 1380 1044 sequentibus

208 1054 352 1119 versibus
371 1055 412 1136 (v.
428 1055 472 1116 48
491 1055 580 1136 sqq),
612 1070 674 1135 quo
693 1053 763 1115 iure
782 1052 821 1115 ad
840 1055 1029 1135 spectatores
1047 1069 1082 1114 se
1097 1055 1207 1132 vertat,
1238 1051 1381 1136 exponit:

207 1161 383 1227 numquam
414 1160 482 1206 sese
509 1141 541 1204 id
570 1146 739 1225 spectasse,
772 1146 807 1204 ut
834 1142 902 1224 ipse
929 1157 1025 1223 quam
1052 1140 1229 1203 maximum
1256 1139 1382 1203 lucrum

207 1237 344 1316 caperet,
376 1232 431 1296 sad
460 1230 608 1294 omnibus
634 1229 830 1313 temporibus
857 1231 996 1293 voluisse
1023 1229 1142 1293 servire
1170 1234 1382 1312 spectatorum

207 1322 387 1385 commodis.
439 1317 510 1384 Hoc
538 1339 611 1383 cum
639 1320 684 1382 ita
710 1320 766 1401 sit,
795 1318 856 1382 sibi
882 1318 1008 1382 faveant
1035 1316 1087 1382 vel
1114 1337 1152 1382 eo
1174 1319 1319 1398 oonsilio,
1347 1323 1383 1380 ut

208 1410 262 1474 alii
291 1417 411 1474 actores
437 1407 680 1489 adulescentuli,
708 1409 763 1492 qui
786 1407 895 1492 populi
918 1407 1090 1470 commodis
1114 1405 1264 1490 neglectis
1288 1425 1382 1470 suum

207 1499 333 1564 lucrum
358 1503 520 1583 quaerant,
543 1515 724 1561 successum
743 1495 966 1580 fortunamque
985 1497 1161 1560 scaenicum
1179 1513 1276 1579 penes
1295 1513 1382 1579 spec·

208 1595 324 1652 tatores
349 1606 418 1652 esse
439 1587 631 1668 intellegant.

299 1675 455 1740 Omnibus
491 1677 588 1760 igitur
624 1676 673 1739 his
713 1675 856 1738 versibus
891 1671 1060 1737 Ambivius
1097 1673 1136 1737 de
1168 1692 1201 1736 se
1242 1673 1383 1756 loquitur

210 1767 312 1850 deque
335 1784 393 1830 suo
416 1767 529 1829 actoris
552 1763 655 1828 officio
680 1770 774 1848 atque
796 1763 921 1844 labore;
947 1781 1042 1847 quem
1060 1760 1201 1826 laborem
1220 1766 1256 1825 ut
1277 1762 1382 1825 minu-

209 1863 274 1937 unt,
297 1859 485 1940 spectatores
509 1859 585 1918 orat.
618 1851 747 1917 Etenim
765 1872 799 1916 se
817 1855 922 1938 ipsum
938 1852 1019 1916 nihil
1037 1871 1163 1917 curasse
1186 1852 1249 1914 nisi
1273 1869 1381 1916 eorum

209 1945 373 2010 commoda
395 1962 500 2028 neque
525 1962 676 2026 umquam
698 1942 731 2006 id
754 1942 875 2024 iecisse,
907 1943 993 2026 quod
1025 1941 1078 2004 alii
1111 1947 1231 2005 actores
1259 1940 1383 2022 faciant,

159 2077 167 2092 .
210 2037 266 2118 qui
298 2053 393 2097 suum
420 2034 562 2118 ipsorum
596 2037 763 2116 quaestum
795 2036 962 2096 sectentur.
1009 2029 1170 2096 Sermonis
1199 2049 1312 2093 sensus
1336 2036 1384 2093 est

208 2124 394 2207 perspicuus
418 2130 449 2186 et
477 2121 643 2185 dilucidus.
693 2120 743 2184 lix
760 2110 816 2184 'aa
841 2117 936 2206 bll2,
969 2119 1085 2204 quibus
1118 2119 1156 2184 de
1189 2119 1259 2182 aliis
1287 2116 1384 2182 verba

208 2214 291 2294 facit,
315 2213 371 2296 qui
394 2212 455 2275 sibi
478 2211 602 2295 placere
621 2211 745 2274 malunt
768 2230 864 2294 quam
886 2208 1012 2293 populo,
1035 2209 1213 2273 necessario
1237 2207 1383 2290 efficitur,

209 2308 246 2364 ut
269 2301 439 2364 Ambivius
462 2320 496 2364 se
518 2300 637 2384 populo
660 2300 761 2381 magis
785 2299 903 2363 servire
926 2299 1052 2362 studere
1076 2316 1172 2381 quam
1202 2297 1263 2361 sibi
1291 2302 1384 2360 antea

212 2391 334 2453 dixerit.
381 2387 472 2464 Quod
494 2409 529 2452 re
551 2407 627 2453 vera
649 2387 795 2452 versibus
822 2389 898 2469 illis,
927 2387 965 2450 de
992 2387 1110 2470 quibus
1134 2388 1252 2470 agitur,
1280 2382 1382 2472 48l50

211 2478 328 2541 factum
353 2485 407 2542 est.
452 2477 495 2542 Hi
524 2479 624 2562 igitur
653 2497 766 2542 versus
793 2473 856 2540 non
885 2477 979 2540 modo
1003 2475 1043 2539 ab
1066 2475 1217 2540 hocloco
1240 2494 1304 2538 non
1328 2474 1383 2538 ab·

212 2569 348 2650 horrent,
380 2558 434 2631 sed
469 2569 562 2631 etiam
595 2567 632 2630 ad
657 2587 709 2632 vv.
734 2563 831 2630 bl'et
854 2567 896 2628 52
928 2569 1011 2630 recte
1035 2566 1251 2650 percipiendos
1275 2583 1382 2628 neces-

212 2658 286 2720 sarii
309 2663 391 2721 sunt.

301 2744 416 2810 Contra
443 2749 474 2809 in
500 2745 645 2828 Hecyrae
676 2746 806 2830 prologo
837 2745 871 2808 hi
902 2764 1013 2809 versus
1046 2745 1104 2808 etsi
1135 2743 1210 2808 ferri
1241 2747 1383 2828 possunt,

210 2843 315 2899 tamen
348 2837 391 2900 ad·
420 2841 604 2899 contextum
635 2854 742 2898 rerum
775 2855 811 2898 ac
843 2834 1013 2898 verborum
1044 2834 1176 2896 minime
1214 2833 1384 2896 necessarii
1475 2839 1477 2845 ’

211 2931 294 2989 sunt.
326 2925 438 3008 Neque
462 2925 689 3008 Amdohrius,²)
714 2927 770 3008 qui
793 2943 904 2988 versus
928 2925 1002 2987 huic
1019 2923 1148 3008 prologo
1167 2912 1384 2986 attribuendus

211 3033 281 3078 esse
319 3014 452 3097 probare
483 3013 602 3094 studet,
634 3016 805 3097 quicquam
831 3013 1009 3096 argumenti
1031 3011 1167 3094 profert;
1201 3011 1277 3074 dicit
1299 3011 1384 3072 enim

212 3101 292 3166 nihil
315 3104 378 3166 nisi
402 3103 495 3167 baec:
519 3121 647 3184 „versus
666 3123 723 3167 our
745 3105 852 3167 minus
874 3104 908 3165 in
932 3102 1017 3167 bunc
1040 3101 1205 3184 prologum
1229 3099 1384 3182 quadrare

210 3193 387 3273 videantur,
411 3211 477 3255 nou
500 3190 599 3254 babeo
623 3193 753 3256 diceret

149 3355 152 3362 ,
300 3283 433 3344 Accedit
464 3281 523 3344 hoc
555 3281 707 3345 alterum:
748 3281 930 3345 Terentium
967 3281 1001 3342 in
1037 3279 1176 3363 prologis
1209 3276 1384 3342 scribendis

212 3371 323 3454 figuris
337 3371 500 3450 rhetoricis
515 3370 675 3434 uberrime
690 3391 784 3434 usum
801 3389 870 3434 esse
886 3367 975 3450 Leni)
991 3387 1093 3452 nuper
1104 3368 1249 3432 ostendit.
1283 3365 1384 3450 [regas

212 3465 317 3524 autem
342 3479 457 3544 quaeso
481 3460 595 3524 Heaut.
618 3461 695 3545 prol.
719 3480 770 3522 vv.
788 3461 934 3522 48-52:

372 3549 424 3629 „Si
447 3569 621 3634 numquam
646 3568 740 3612 arare
762 3551 898 3633 pretium
922 3549 1041 3612 statui
1063 3549 1122 3610 arti
1145 3565 1234 3610 meae

372 3639 414 3702 Et
436 3659 509 3704 eum
533 3657 601 3702 esse
620 3645 787 3722 quaestum
805 3641 837 3701 in
862 3638 1003 3701 animum
1022 3637 1137 3700 induxi
1156 3653 1385 3714 maxumum,

374 3727 476 3803 Quam
499 3746 675 3792 maxume
696 3732 824 3794 servire
845 3731 967 3794 vostris
989 3728 1187 3792 commodis:

372 3817 563 3901 Exemplum
588 3817 746 3881 statuite
769 3819 802 3880 in
826 3837 885 3898 me,
908 3823 944 3880 ut
966 3813 1195 3879 adulescentuli

372 3911 467 3972 Vobis
484 3912 622 3990 placare
644 3907 793 3969 studeant
813 3908 919 3990 potius
943 3923 1037 3988 quarn
1062 3903 1148 3966 sibit.

303 3995 369 4059 Has
389 3997 468 4058 duas
485 3995 613 4078 figuras,
632 3997 659 4058 si
678 3995 748 4059 illos
764 4014 875 4058 versus
895 3996 953 4057 hoo
970 4013 1010 4056 ex
1027 3993 1094 4055 loco
1110 3993 1247 4072 sicceris,
1265 3991 1384 4074 perdes.

214 4084 331 4149 Contra
353 4085 439 4167 legas
462 4085 526 4147 illis
550 4083 697 4147 versibus
719 4086 843 4148 omissis
866 4083 942 4146 Hes.
965 4083 1041 4166 prol.
1066 4101 1115 4143 vv.
1136 4081 1277 4164 38-40,
1300 4080 1357 4141 44:

302 4205 322 4273 ')
341 4207 404 4259 diss,
422 4205 511 4274 inaug.
530 4223 556 4274 p.
571 4206 603 4260 19
622 4221 679 4274 sqq.

303 4277 323 4347 ⁸)
340 4277 418 4332 Anal.
437 4275 522 4330 Plaut.
542 4277 569 4330 11
587 4294 613 4345 p.
629 4279 661 4330 15
680 4292 737 4345 sqq.
