3280 5048
696 334 914 398 ..71-

218 511 374 578 aedilibus
392 513 472 576 nihil
491 512 672 578 vendidisse
689 513 752 576 nisi
767 513 818 577 ius
836 513 956 596 primae
974 512 1114 592 actionis,
1134 510 1257 576 fabulas
1275 517 1392 593 autem,

218 601 411 685 simulatque
440 603 580 685 primurn
606 607 695 664 actae
725 606 843 683 essent,
875 601 915 664 ad
942 604 1067 684 poetam
1098 601 1265 682 redisse.²⁰)
1311 599 1391 664 (lum

219 696 324 755 tamen
347 691 534 754 Ambivium
563 689 687 754 fabulas
711 688 903 754 Caecilianus
925 696 1052 753 exactas
1075 691 1190 753 iterum
1213 691 1391 772 iterumque

218 781 320 864 egisse
351 784 485 861 constet,
519 798 657 862 cumque
687 779 823 842 eundem
853 779 982 842 omnino
1012 780 1151 842 maxima
1178 783 1330 862 potestate
1356 779 1390 841 in

218 869 334 933 fabulis
352 869 503 933 iterandis
521 887 617 932 usum
636 886 705 932 esse
724 887 766 931 ex
779 867 924 949 Hecyrae
942 868 1071 951 prologo
1088 869 1185 932 altero
1200 868 1390 952 apparere²¹)

218 977 259 1024 ne
281 961 349 1042 ipse
372 958 501 1042 quidem
525 963 628 1039 neget,
658 957 745 1020 addit
766 975 916 1041 persaepe
938 963 1045 1041 poetas
1069 957 1196 1021 domino
1219 957 1323 1041 gregis
1346 956 1390 1019 fa-

218 1047 310 1111 bulas
332 1052 454 1111 veteres
482 1049 598 1111 iterum
625 1047 762 1128 agendas
791 1045 996 1112 libentissime
1024 1045 1203 1130 reliquisse,
1231 1065 1305 1110 cum
1331 1046 1392 1129 ipsi

220 1155 261 1199 ex
284 1135 442 1212 ueteribus
469 1135 596 1202 lucrum
625 1135 727 1198 facere
754 1153 818 1198 non
841 1140 977 1219 possent.
1023 1133 1073 1199 Ne
1094 1135 1154 1198 hac
1177 1135 1306 1218 quidem
1329 1134 1391 1197 dis-

219 1227 382 1308 putatione
404 1227 618 1290 controversia
641 1223 695 1287 illa
718 1223 844 1287 sublata
866 1229 920 1288 est.
956 1223 1009 1286 Ex
1033 1223 1150 1308 quibus
1168 1224 1295 1288 tandem
1314 1222 1392 1288 locis

221 1317 269 1378 vir
295 1315 407 1379 doctus
436 1314 537 1379 effecit
565 1313 687 1377 fabulas
715 1312 813 1376 semel
840 1318 925 1377 actas
951 1332 1007 1397 pro
1030 1313 1130 1376 nihilo
1153 1313 1262 1377 haberi
1284 1313 1392 1376 solitas

219 1401 352 1487 esse?2²)
398 1403 513 1468 Nonne
544 1404 663 1466 seimus
692 1401 877 1465 Ambivium
906 1401 1029 1466 fabulas
1058 1399 1249 1466 Caecilianus
1276 1403 1393 1466 iterum

219 1494 399 1576 iterumque
426 1493 548 1576 egisse?
594 1491 633 1554 Id
660 1492 745 1574 quod
773 1490 914 1573 intellegi
941 1491 1034 1574 plane
1060 1509 1126 1554 non
1152 1496 1255 1575 potest
1280 1493 1392 1554 nisisi

221 1600 263 1644 ex
284 1581 399 1644 fabulis
426 1580 582 1645 veteribus
604 1580 729 1645 lucrum
753 1579 955 1646 efficiebatur.
997 1579 1136 1644 Ournam
1159 1580 1258 1664 igitur
1282 1578 1392 1643 Ambi-

221 1670 293 1733 vius
315 1670 375 1734 hoc
393 1669 521 1734 fecerit?
556 1669 644 1733 Haec
663 1677 694 1734 et
711 1668 814 1732 multa
831 1669 892 1732 alia
911 1687 951 1732 ne
970 1670 998 1732 si
1016 1667 1243 1732 Dziatzlronem
1263 1668 1392 1752 quidem
1478 1732 1480 1736 ,

221 1761 394 1842 sequimur,
416 1761 580 1843 perspicua
603 1766 678 1822 sunt
699 1758 789 1823 facta.
828 1757 890 1822 Sed
913 1759 990 1822 haec
1012 1758 1164 1822 hactenus
1188 1758 1227 1830 de
1250 1759 1391 1822 virorum

221 1848 385 1912 doctorum
407 1850 579 1912 sententiis.
625 1848 824 1912 Accedamus
847 1852 968 1931 oportet
989 1848 1050 1932 ipsi
1073 1847 1113 1910 ad
1136 1848 1272 1932 priorem
1296 1865 1391 1930 quae-

220 1938 357 2001 stionem
380 1937 623 2020 diiudicandum,
646 1957 710 2020 qua
733 1938 931 2020 quaerimus:
1014 1947 1015 1950 ’

380 2025 470 2107 Quis
493 2026 644 2091 tabutas
670 2043 834 2091 novara
862 2030 970 2106 poeta
996 2028 1137 2090 emerit.

309 2115 337 2179 1.
361 2115 603 2180 Proficiscamur
625 2135 667 2180 ex
689 2115 767 2180 Hec.
789 2113 866 2200 prol.
886 2112 921 2178 11
944 2136 973 2180 v.
992 2116 1036 2178 48
1060 2133 1121 2198 sq:
1179 2170 1181 2175 .

539 2205 698 2288 „miliique
720 2210 758 2268 ut
779 2205 899 2268 discere

378 2292 486 2356 Novus
509 2293 655 2376 expediat
676 2294 806 2376 posthac
828 2294 928 2376 pretio
952 2297 1073 2376 emptas
1096 2295 1194 2357 meo“.

309 2379 432 2456 Quibus
455 2400 496 2445 ex
519 2381 666 2445 versibus
689 2382 865 2445 necessario
889 2379 1033 2461 efficitur,
1058 2386 1095 2444 ut
1117 2381 1265 2452 dominus
1287 2383 1393 2465 gregis

218 2469 342 2551 fabulas
370 2489 468 2534 novas
496 2472 613 2536 emerit.
659 2470 758 2534 Porro
785 2489 859 2533 cum
887 2469 926 2533 de
954 2470 1045 2533 noris
1073 2469 1189 2534 fabulis
1216 2489 1319 2534 sermo
1342 2471 1391 2553 sit,

219 2577 357 2642 cumque
379 2577 473 2624 nemo
494 2558 619 2624 fabulas
642 2579 741 2624 novas
765 2558 901 2623 vendere
919 2560 1019 2643 possit
1036 2559 1098 2621 nisi
1116 2565 1217 2643 poeta,
1240 2561 1394 2643 sequitur,

220 2653 256 2711 ut
287 2648 434 2713 dominus
466 2651 571 2733 gregis
600 2649 723 2714 fabulas
751 2667 851 2714 novas
878 2648 917 2712 ab
945 2650 1014 2733 ipso
1042 2653 1134 2732 poeta
1161 2650 1279 2713 emerit.
1316 2647 1393 2712 ¹Res

219 2739 317 2820 igitur
333 2739 377 2801 ita
396 2744 574 2822 comparata
593 2744 648 2823 est,
668 2745 704 2802 ut
722 2739 870 2802 dominus
888 2739 992 2822 gregis
1011 2737 1133 2802 fabulas
1152 2757 1252 2802 novas
1267 2759 1286 2802 a
1301 2742 1393 2822 poeta

219 2828 338 2909 emerit,
357 2846 436 2910 quas
452 2847 523 2892 cum
541 2829 609 2891 ludi
623 2828 840 2911 imminebant,
859 2827 1016 2892 aedilibus
1032 2828 1083 2891 vel
1099 2829 1228 2891 omnino
1244 2827 1391 2890 ludorum

219 2916 416 2979 curatoribus
449 2917 581 2981 offerret.
633 2918 760 2981 Aediles
792 2930 898 2981 autem
927 2916 1049 2980 fabulas
1077 2937 1095 2980 a
1123 2917 1250 2980 domino
1278 2919 1390 3000 gregis,

219 3022 283 3067 non
299 3024 325 3066 a
347 3010 439 3086 poeta
462 3010 615 3068 emerunt.

308 3092 378 3156 Hoc
394 3097 500 3156 eutem
516 3110 579 3156 non
596 3093 699 3157 solnm
714 3112 756 3157 ex
767 3094 826 3158 boc
837 3093 907 3158 loco
919 3100 1054 3178 apparet,
1071 3094 1127 3157 sed
1139 3111 1181 3156 ex
1194 3094 1301 3156 multis
1313 3093 1391 3156 aliis.

309 3183 338 3246 2.
363 3181 533 3245 Proximus
556 3182 644 3245 locus
666 3184 828 3246 invenitur
850 3184 883 3245 in
907 3182 1022 3246 Heaut.
1046 3183 1123 3266 prol.
1147 3202 1176 3245 v.
1195 3183 1238 3245 43
1263 3200 1345 3265 sqq:

379 3270 479 3353 „Nam
501 3289 588 3334 nunc
611 3290 709 3334 novas
733 3272 788 3355 qui
811 3271 962 3354 scribunt,
985 3272 1032 3334 nil
1055 3278 1188 3355 parcunt
1211 3271 1293 3335 seni:

379 3359 413 3424 Si
437 3379 518 3444 quae
540 3360 736 3443 laboriosast,
758 3360 798 3425 ad
821 3379 872 3424 me
894 3361 1047 3440 curritur3

379 3449 412 3512 Si
435 3451 516 3513 lenis
540 3455 595 3532 est,
617 3449 657 3513 ad
681 3450 779 3513 aliurn
803 3449 941 3514 defertur
963 3451 1118 3534 gregem“.

308 3539 359 3600 Ad
379 3538 563 3603 Ambivium
585 3541 692 3623 igitur,
716 3540 879 3604 dominum
898 3546 1011 3624 gregis,
1034 3541 1062 3602 si
1081 3559 1163 3623 quae
1180 3539 1288 3602 fabula
1306 3538 1393 3601 labo·

219 3629 302 3690 riosa
325 3633 380 3709 est,
403 3629 432 3690 ei
456 3629 512 3710 qui
535 3647 633 3692 novas
657 3628 800 3692 scribunt
818 3630 847 3693 h.
866 3648 892 3692 e.
911 3637 1020 3712 poetae
1039 3634 1171 3692 currunt
1190 3627 1393 3710 fabulamque

219 3735 332 3779 novam
369 3715 522 3780 deferunt.
577 3717 671 3782 Unde
705 3719 777 3782 luce
811 3719 927 3781 clarius
962 3717 1097 3780 efficitur
1129 3722 1238 3800 poetas
1270 3715 1393 3778 fabulas

219 3824 317 3870 novas
340 3806 378 3869 ad
403 3810 523 3869 actores
547 3806 696 3870 detulisse
719 3810 828 3890 eisque
851 3807 1039 3889 vendidisse,
1062 3825 1126 3869 non
1151 3804 1316 3869 aedilibus.

309 3981 342 4048 ²⁰)
361 3982 404 4035 Ita
420 3984 482 4036 ante
501 3981 690 4036 Dziatrlronem
708 3983 777 4038 lhne
795 3981 812 4036 l.
832 3998 852 4036 s.
872 3997 893 4035 s.
918 3983 986 4036 thes
1005 3981 1055 4035 Xl.
1081 4013 1113 4022 -
1136 3981 1192 4036 lac.
1212 3981 1254 4035 Al.
1274 3981 1392 4036 Becker:

218 4054 251 4106 de
271 4054 451 4106 Romanorum
469 4069 584 4107 censura
601 4055 730 4122 scaenica,
749 4053 908 4123 Mogontiaci
928 4052 995 4107 1852
1014 4070 1039 4121 p.
1054 4053 1095 4106 21.
1116 4083 1148 4092 -
1169 4053 1321 4108 Wilmwns
1339 4053 1356 4108 l.
1376 4053 1393 4107 l.

221 4125 290 4178 thes.
309 4125 330 4178 l.
352 4155 384 4162 -
404 4127 497 4194 postea
513 4124 633 4178 Amdohr
650 4123 667 4178 l.
686 4141 708 4179 s.
727 4141 748 4179 s.
769 4141 794 4193 p.
813 4125 848 4178 25
867 4142 894 4178 n.
915 4127 938 4178 1.

309 4195 341 4262 ²¹)
361 4197 396 4249 cf.
416 4195 545 4249 Ritscheli
572 4197 689 4265 Parerga
713 4213 738 4264 p.
758 4197 810 4250 333
835 4212 907 4264 sqq.;
946 4198 981 4250 ef.
1010 4195 1114 4264 quoque
1143 4195 1215 4250 infra
1243 4213 1268 4264 p.
1289 4195 1322 4250 72
1353 4211 1393 4263 sq.

309 4267 340 4334 ²²)
360 4268 395 4320 cf.
415 4267 482 4320 Leo:
501 4265 577 4321 Anat.
596 4266 682 4320 Plaut.
701 4267 792 4334 (1898)
812 4285 837 4336 p.
859 4269 891 4324 19
910 4283 948 4336 sq.
