3280 5048
673 358 891 421 ..51-

283 537 370 604 Huic
388 556 463 602 vero
482 539 656 602 sententiae
675 539 876 602 vehementer
894 555 1070 622 repugnare
1089 540 1216 605 videtur
1228 542 1256 604 is
1270 540 1368 624 locus,

195 647 290 714 quem
314 629 376 691 viri
399 627 493 708 docti,
521 628 577 711 qui
599 627 639 690 ab
663 627 760 692 altera
783 631 870 711 parte
892 632 984 710 stant,
1007 633 1044 692 ut
1066 648 1159 694 euam
1181 633 1368 694 sententiam

194 717 373 802 probarent,
396 715 580 782 attulerunt.
625 715 677 784 Hx
699 716 804 782 verbis
827 717 912 780 eninr
935 717 975 799 (a.
995 717 1066 801 24):
1101 716 1170 802 „ut
1199 737 1274 785 rem
1307 738 1368 783 co·

195 805 390 891 gnoscitc“
424 804 688 888 colligere‘licere
712 805 787 872 dicit
809 803 961 869 Daiatakc
994 807 1028 880 (1.
1057 827 1081 870 s.
1109 807 1146 890 s.)
1178 813 1368 893 spectatores

196 896 299 980 „rem“
326 895 470 962 nondum
494 896 686 979 cognovisse,
708 893 848 959 fabulam
870 895 969 978 igitur
991 899 1047 959 ant
1069 915 1142 962 cum
1167 901 1273 961 nostro
1296 917 1367 981 pro-

196 986 267 1068 logo
289 986 428 1069 primum
452 991 553 1050 actam
577 991 632 1049 aut
654 989 747 1048 antea
771 991 914 1050 exactam
936 983 1043 1050 fuisse
1089 983 1161 1049 Hoc
1183 985 1317 1052 alterum
1340 989 1368 1051 si

195 1080 386 1157 statuamuS,
412 1073 503 1140 nullo
529 1073 623 1138 modo
649 1071 720 1136 fieri
743 1075 896 1158 potuisse,
924 1073 1003 1158 quin
1026 1079 1118 1158 poeta
1141 1095 1205 1140 uno
1228 1081 1313 1142 certe
1334 1076 1368 1140 id

193 1162 291 1227 verbo
307 1164 469 1228 iudicaret.
501 1162 667 1228 Praeterea
682 1161 882 1226 Phormionis
902 1160 1025 1248 prologi
1045 1183 1075 1228 v,
1094 1164 1134 1226 31
1156 1180 1224 1248 sqq.
1244 1169 1368 1248 poetam

193 1253 291 1318 unius
320 1258 443 1332 tantum
472 1256 602 1315 exactae
630 1250 754 1315 fabulae
781 1247 949 1337 (Hecyrae)
977 1254 1171 1319 mentionem
1190 1252 1303 1336 acere,
1332 1260 1369 1318 ut

194 1349 338 1408 nostrum
355 1341 522 1424 prologum
539 1341 659 1424 primae
677 1359 746 1404 esse
765 1337 893 1404 fabulae
911 1342 1049 1424 primunr
1068 1347 1156 1406 actae
1174 1339 1368 1406 confidenter

192 1431 369 1494 credamus.
403 1428 522 1493 Parum
545 1429 707 1515 probabile
730 1447 798 1494 esse
821 1448 879 1512 ego
902 1448 1031 1514 quoque
1054 1430 1196 1514 arbitror,
1219 1433 1246 1496 si
1265 1432 1367 1515 prime

193 1518 318 1583 Terenti
349 1518 457 1586 fabula
486 1538 560 1585 cum
592 1519 728 1602 primum
762 1523 920 1602 ageretur,
952 1525 1063 1582 exacta
1093 1526 1186 1602 esset,
1219 1521 1367 1604 antiquos

195 1614 290 1674 testes
318 1608 377 1671 hac
400 1609 438 1686 de
461 1627 495 1672 re
517 1610 661 1672 tacuisse.
708 1606 777 1672 Hoc
799 1608 897 1690 igitur
919 1607 958 1671 ab
982 1610 1067 1672 omni
1092 1609 1367 1673 verisimilitudine

196 1697 334 1760 alienum
367 1703 414 1763 eet
445 1717 549 1781 neque
577 1698 745 1781 quisquam
773 1697 838 1763 fere
865 1716 1021 1782 umquam
1048 1699 1173 1781 negavit
1203 1697 1367 1781 Andriam,

196 1805 267 1850 cum
292 1786 430 1870 primum
453 1791 607 1870 ageretur,
630 1787 801 1858 stetisse.⁸⁷)

191 1915 194 1922 ·
286 1873 348 1951 Qui
370 1875 460 1939 locus
482 1894 555 1940 cum
578 1876 764 1958 gravissimo
787 1875 967 1941 testimonio
986 1893 1054 1940 esee
1072 1875 1226 1958 videatur,
1249 1879 1367 1940 attente

195 1966 330 2048 quaeris,
354 1984 492 2049 quonam
514 1961 609 2030 modo
631 1964 761 2028 alterius
779 1965 952 2029 sententiae
971 1970 1139 2030 sectatores
1157 1966 1243 2029 hunc
1260 1966 1368 2030 locum

195 2055 437 2138 explicaverint,
470 2055 525 2138 qui
555 2054 696 2137 ipsorum
724 2053 866 2136 opinioni
893 2058 999 2137 aperte
1026 2059 1187 2138 repugnet.
1237 2053 1368 2121 Frustra

194 2162 305 2207 vereor
331 2163 372 2208 ne
400 2162 542 2227 quaeras.
592 2141 670 2206 llere
698 2161 807 2205 omnes
834 2143 920 2209 enim
947 2143 1008 2208 viri
1036 2137 1119 2206 docti
1144 2143 1229 2207 hunc
1251 2143 1367 2226 locum,

194 2252 257 2315 quo
276 2251 387 2296 eorum
405 2233 562 2296 sententia
577 2230 668 2295 valde
682 2232 869 2307 concutitur,
888 2231 1017 2295 omnino
1030 2250 1095 2295 non
1110 2237 1367 2314 commemorant,
1494 2269 1496 2272 -

194 2322 288 2404 quasi
314 2321 368 2385 illa
397 2320 565 2386 difficultas
592 2339 644 2402 eo,
671 2321 756 2404 quod
784 2339 848 2384 non
876 2327 1081 2402 memoratur,
1105 2321 1201 2388 etiam
1230 2320 1366 2390 tollatur.

196 2407 376 2492 Wagnerus
400 2409 432 2494 (l.
455 2429 478 2474 s.
503 2429 527 2474 s.
550 2431 579 2495 p.
601 2409 653 2490 77)
676 2410 799 2494 primus
821 2411 880 2476 hoc
906 2429 978 2492 ,rem
999 2411 1185 2496 cognoscite‘
1209 2411 1367 2495 explicare

195 2505 327 2562 conatus
355 2504 415 2562 est:
444 2499 488 2562 ait
509 2499 664 2564 Andriam
688 2501 751 2564 iam
774 2498 872 2566 fuisse
895 2506 997 2562 actam
1020 2505 1051 2562 et
1074 2499 1243 2584 cognitam;
1272 2498 1366 2563 aliam

195 2587 294 2670 igitur
315 2587 604 2672 interpretationem
627 2589 853 2652 admittendam
877 2607 958 2654 esse:
983 2605 1079 2671 ,nunc
1100 2588 1134 2651 id
1157 2585 1258 2670 facite,
1280 2588 1367 2673 quod

195 2695 296 2759 nuper
314 2677 344 2758 (i.
363 2695 387 2741 e.
407 2697 489 2759 ,cunr
508 2676 635 2762 Hecyra
652 2679 791 2762 primum
810 2679 977 2762 ageretur)
996 2677 1205 2759 confecistis,
1226 2678 1365 2762 primum

193 2783 271 2830 rem
291 2763 498 2850 cognoscite,
519 2767 632 2831 deinde
663 2767 817 2830 indicate‘.
868 2765 939 2835 Hoc
966 2765 1040 2830 ferri
1068 2768 1200 2851 nequire
1230 2767 1366 2854 ostendit

193 2853 465 2920 Paeckelmannus
489 2856 522 2940 (l.
538 2876 562 2926 e.
578 2877 602 2922 e.
617 2877 647 2942 p.
665 2856 706 2920 16
719 2857 792 2939 sq.);
814 2861 976 2941 praetcrea
997 2855 1050 2918 vel
1074 2855 1113 2920 ob
1133 2875 1201 2930 eam
1221 2875 1286 2921 rem
1306 2857 1366 2919 hoc

191 2943 390 3026 probandum
407 2963 471 3007 non
488 2950 543 3027 est,
559 2947 644 3029 quod
659 2946 742 3008 inter
756 2941 920 3027 Hecyram
935 2951 966 3008 et
978 2942 1364 3010 Heautontimorumenon

193 3031 316 3096 nullam
342 3031 482 3096 tabulam
510 3033 695 3102 aTerentio
723 3035 754 3096 iu
785 3053 931 3099 scaenam
958 3034 1112 3116 prolatam
1140 3052 1208 3096 esse
1233 3039 1364 3101 constet.

193 3119 270 3186 Post
281 3119 476 3204 Wagnerum
496 3121 752 3188 Herrmanowski
771 3123 804 3206 (l.
820 3143 843 3186 e.
861 3143 883 3186 e.
899 3143 929 3208 p.
946 3123 986 3186 35
1004 3123 1062 3206 sq.)
1082 3127 1113 3187 et
1130 3122 1170 3187 A.
1187 3121 1363 3206 Spengel⁸⁸)

191 3209 297 3274 locum
324 3216 408 3274 recte
435 3230 506 3276 mea
533 3213 689 3276 sententia
716 3213 910 3296 interpretati
938 3217 1020 3275 sunt.
1066 3209 1140 3276 Duo
1163 3213 1249 3277 enim
1271 3212 1363 3280 nobis

192 3307 267 3362 sunt
285 3301 481 3384 quaerenda:
509 3321 621 3383 unum,
640 3301 717 3386 quid
736 3300 891 3386 significet
910 3302 990 3375 ,res‘;
1010 3301 1154 3383 alterum,
1173 3301 1250 3384 quid
1266 3302 1364 3384 signi-

192 3385 264 3451 ficet
287 3390 498 3472 ,cognosceret

282 3476 306 3540 Ι.
351 3476 430 3550 Rem
453 3479 537 3542 idem
560 3499 628 3544 csse
652 3485 747 3563 atque
775 3478 931 3562 ,fabulam‘
955 3477 1107 3542 Dziatzlio
1130 3483 1237 3542 censet
1259 3498 1365 3563 neque

148 3565 151 3572 “
191 3566 273 3632 hanc
305 3569 492 3634 sententiam
525 3587 633 3634 veram
665 3588 733 3632 esse
765 3588 856 3652 posse
889 3563 1067 3651 negandum
1101 3567 1197 3648 este)
1253 3566 1364 3651 Neque

191 3660 296 3718 tamen
331 3658 406 3719 haec
432 3658 647 3740 interpretatio
676 3678 741 3720 una
771 3658 913 3722 omnium
937 3658 1113 3721 necessaria
1136 3662 1190 3720 est.
1237 3655 1363 3720 Etenim

107 3783 110 3788 ι
190 3744 225 3804 in
246 3763 276 3808 v.
301 3746 321 3806 8
344 3752 436 3828 poeta
458 3747 583 3828 incipit:

216 3937 235 3990 f
282 3865 447 3992 ''pssNegavit
464 3867 537 3923 solus
556 3867 687 3922 Reinhold
705 3869 825 3925 Klotzius
843 3868 872 3922 in
890 3868 973 3928 Andr.
994 3867 1055 3921 edit.
1076 3867 1167 3938 (redo)
1185 3868 1271 3937 praet.
1289 3885 1315 3936 p.
1330 3869 1363 3922 13

201 3953 236 3991 Ο.
275 3977 282 3994 .
355 3981 361 3992 .

190 3939 204 4041 (ν
255 3943 356 4078 p⁸⁸)u).
376 4011 459 4064 Andr.
479 4010 542 4064 edit
562 4010 790 4080 (Berolini1875)
810 4011 869 4066 adn.
889 4011 922 4065 ad
940 4028 965 4064 v.
986 4009 1028 4063 24.
1057 4040 1090 4048 —
1117 4009 1160 4064 Ita
1177 4009 1229 4064 iam
1242 4009 1363 4064 Draken-

188 4078 314 4134 borchius
333 4081 412 4150 (apud
432 4081 594 4135 Grauertum
612 4081 629 4134 l.
648 4081 666 4135 l.
685 4099 710 4150 p.
732 4083 783 4151 15).

280 4149 313 4221 ⁸⁹)
332 4153 368 4206 ct.
388 4151 461 4206 Asin.
481 4152 546 4220 prol.
566 4170 592 4208 v.
614 4155 659 4208 13:

404 4223 498 4291 „Inest
516 4223 590 4292 lepos
609 4223 739 4292 ludusque
758 4224 786 4278 in
805 4223 855 4278 hac
875 4223 1023 4278 comoedia:

403 4293 525 4348 Ridicula
543 4313 587 4348 res
606 4301 663 4348 est:
693 4293 760 4348 Date
780 4293 894 4364 benigne
913 4311 1021 4362 operam
1040 4294 1130 4346 mihi“.

1170 4383 1200 4434 4*
