<?xml version="1.0" encoding="UTF-8"?>
<!DOCTYPE html PUBLIC "-//W3C//DTD XHTML 1.0 Transitional//EN"
    "http://www.w3.org/TR/xhtml1/DTD/xhtml1-transitional.dtd">
<html xmlns="http://www.w3.org/1999/xhtml" xml:lang="en" lang="en">
 <head>
  <title>
</title>
<meta http-equiv="Content-Type" content="text/html;charset=utf-8" />
  <meta name='ocr-system' content='tesseract 3.04.00' />
  <meta name='ocr-capabilities' content='ocr_page ocr_carea ocr_par ocr_line ocrx_word'/>
</head>
<body>
  <div class='ocr_page' id='page_1' title='image "./quaestionestere00meyegoog_0060.png"; bbox 0 0 3280 5048; ppageno 0'>
   <div class='ocr_carea' id='block_1_1' title="bbox 681 330 902 394">
    <p class='ocr_par' dir='ltr' id='par_1_1' title="bbox 681 330 902 394">
     <span class='ocr_line' id='line_1_1' title="bbox 681 330 902 394; baseline 0 -16"><span class='ocrx_word' id='word_1_1' title='bbox 681 330 902 394; x_wconf 82' lang='grc'>...53-</span> 
     </span>
    </p>
   </div>
   <div class='ocr_carea' id='block_1_2' title="bbox 204 506 1381 1303">
    <p class='ocr_par' dir='ltr' id='par_1_2' title="bbox 206 506 1379 680">
     <span class='ocr_line' id='line_1_2' title="bbox 292 506 1379 592; baseline -0.004 -18"><span class='ocrx_word' id='word_1_2' title='bbox 292 507 362 574; x_wconf 91' lang='lat' dir='ltr'>Iam</span> <span class='ocrx_word' id='word_1_3' title='bbox 382 527 418 572; x_wconf 88' lang='lat' dir='ltr'>ea</span> <span class='ocrx_word' id='word_1_4' title='bbox 438 526 520 592; x_wconf 90' lang='lat' dir='ltr'>quae</span> <span class='ocrx_word' id='word_1_5' title='bbox 539 507 642 571; x_wconf 88' lang='lat' dir='ltr'>adhuc</span> <span class='ocrx_word' id='word_1_6' title='bbox 661 507 886 588; x_wconf 80' lang='lat' dir='ltr'>enarravimus,</span> <span class='ocrx_word' id='word_1_7' title='bbox 905 506 1159 591; x_wconf 77' lang='lat' dir='ltr'><strong>complectamur,</strong></span> <span class='ocrx_word' id='word_1_8' title='bbox 1174 511 1211 571; x_wconf 91' lang='grc'>61</span> <span class='ocrx_word' id='word_1_9' title='bbox 1227 507 1379 590; x_wconf 88' lang='lat' dir='ltr'>quidnam</span> 
     </span>
     <span class='ocr_line' id='line_1_3' title="bbox 206 592 1378 680; baseline -0.004 -17"><span class='ocrx_word' id='word_1_10' title='bbox 206 599 244 663; x_wconf 95' lang='grc'>66</span> <span class='ocrx_word' id='word_1_11' title='bbox 263 598 323 662; x_wconf 84' lang='grc'><strong>1666</strong></span> <span class='ocrx_word' id='word_1_12' title='bbox 338 596 469 680; x_wconf 87' lang='lat' dir='ltr'>prologo</span> <span class='ocrx_word' id='word_1_13' title='bbox 485 592 691 660; x_wconf 87' lang='lat' dir='ltr'>iudicandum</span> <span class='ocrx_word' id='word_1_14' title='bbox 708 596 758 670; x_wconf 89' lang='lat' dir='ltr'>sit,</span> <span class='ocrx_word' id='word_1_15' title='bbox 776 595 1005 678; x_wconf 81' lang='lat' dir='ltr'>intellegamus.</span> <span class='ocrx_word' id='word_1_16' title='bbox 1039 597 1197 680; x_wconf 80' lang='lat' dir='ltr'><strong>Apparuit</strong></span> <span class='ocrx_word' id='word_1_17' title='bbox 1212 597 1378 661; x_wconf 90' lang='lat' dir='ltr'>nimirum:</span> 
     </span>
    </p>

    <p class='ocr_par' dir='ltr' id='par_1_3' title="bbox 208 685 1379 859">
     <span class='ocr_line' id='line_1_4' title="bbox 294 685 1379 768; baseline -0.002 -18"><span class='ocrx_word' id='word_1_18' title='bbox 294 687 318 750; x_wconf 92' lang='lat' dir='ltr'>I.</span> <span class='ocrx_word' id='word_1_19' title='bbox 353 693 383 766; x_wconf 84' lang='lat' dir='ltr'>a)</span> <span class='ocrx_word' id='word_1_20' title='bbox 408 685 534 748; x_wconf 91' lang='lat' dir='ltr'>nullum</span> <span class='ocrx_word' id='word_1_21' title='bbox 562 685 691 748; x_wconf 91' lang='lat' dir='ltr'>omnino</span> <span class='ocrx_word' id='word_1_22' title='bbox 718 685 825 748; x_wconf 89' lang='lat' dir='ltr'>locum</span> <span class='ocrx_word' id='word_1_23' title='bbox 858 689 997 766; x_wconf 84' lang='lat' dir='ltr'>exstare,</span> <span class='ocrx_word' id='word_1_24' title='bbox 1031 703 1072 748; x_wconf 88' lang='lat' dir='ltr'>ex</span> <span class='ocrx_word' id='word_1_25' title='bbox 1107 704 1170 768; x_wconf 93' lang='lat' dir='ltr'>quo</span> <span class='ocrx_word' id='word_1_26' title='bbox 1203 686 1379 768; x_wconf 83' lang='lat' dir='ltr'>necessario</span> 
     </span>
     <span class='ocr_line' id='line_1_5' title="bbox 208 773 1335 859; baseline -0.004 -19"><span class='ocrx_word' id='word_1_27' title='bbox 208 775 372 856; x_wconf 87' lang='lat' dir='ltr'>efficiatur,</span> <span class='ocrx_word' id='word_1_28' title='bbox 396 780 432 837; x_wconf 90' lang='lat' dir='ltr'>ut</span> <span class='ocrx_word' id='word_1_29' title='bbox 453 775 602 858; x_wconf 91' lang='lat' dir='ltr'>prologus</span> <span class='ocrx_word' id='word_1_30' title='bbox 626 774 665 837; x_wconf 91' lang='lat' dir='ltr'>ad</span> <span class='ocrx_word' id='word_1_31' title='bbox 688 775 821 857; x_wconf 84' lang='lat' dir='ltr'>primam</span> <span class='ocrx_word' id='word_1_32' title='bbox 845 773 971 837; x_wconf 81' lang='lat' dir='ltr'>fabulae</span> <span class='ocrx_word' id='word_1_33' title='bbox 994 775 1150 838; x_wconf 84' lang='lat' dir='ltr'>actionem</span> <span class='ocrx_word' id='word_1_34' title='bbox 1172 775 1335 859; x_wconf 83' lang='lat' dir='ltr'>pertineat.</span> 
     </span>
    </p>

    <p class='ocr_par' dir='ltr' id='par_1_4' title="bbox 206 862 1381 1126">
     <span class='ocr_line' id='line_1_6' title="bbox 296 862 1380 947; baseline 0.001 -21"><span class='ocrx_word' id='word_1_35' title='bbox 296 863 329 945; x_wconf 80' lang='lat' dir='ltr'>b)</span> <span class='ocrx_word' id='word_1_36' title='bbox 353 883 403 928; x_wconf 90' lang='lat' dir='ltr'>vv.</span> <span class='ocrx_word' id='word_1_37' title='bbox 427 864 535 927; x_wconf 87' lang='grc'><strong>8-21</strong></span> <span class='ocrx_word' id='word_1_38' title='bbox 565 862 705 945; x_wconf 86' lang='lat' dir='ltr'>intellegi</span> <span class='ocrx_word' id='word_1_39' title='bbox 734 881 798 926; x_wconf 93' lang='lat' dir='ltr'>non</span> <span class='ocrx_word' id='word_1_40' title='bbox 826 881 931 947; x_wconf 89' lang='lat' dir='ltr'>posse,</span> <span class='ocrx_word' id='word_1_41' title='bbox 963 863 1025 926; x_wconf 92' lang='lat' dir='ltr'>nisi</span> <span class='ocrx_word' id='word_1_42' title='bbox 1055 864 1082 927; x_wconf 92' lang='lat' dir='ltr'>si</span> <span class='ocrx_word' id='word_1_43' title='bbox 1104 862 1211 928; x_wconf 87' lang='lat' dir='ltr'>fabula</span> <span class='ocrx_word' id='word_1_44' title='bbox 1234 868 1327 927; x_wconf 90' lang='lat' dir='ltr'>antea</span> <span class='ocrx_word' id='word_1_45' title='bbox 1350 867 1380 927; x_wconf 90' lang='grc'>61</span> 
     </span>
     <span class='ocr_line' id='line_1_7' title="bbox 207 951 1381 1038; baseline 0 -22"><span class='ocrx_word' id='word_1_46' title='bbox 207 954 326 1037; x_wconf 90' lang='lat' dir='ltr'>iniquis</span> <span class='ocrx_word' id='word_1_47' title='bbox 357 951 481 1016; x_wconf 79' lang='lat' dir='ltr'>Terenti</span> <span class='ocrx_word' id='word_1_48' title='bbox 514 955 545 1016; x_wconf 95' lang='lat' dir='ltr'>et</span> <span class='ocrx_word' id='word_1_49' title='bbox 576 952 634 1015; x_wconf 92' lang='lat' dir='ltr'>toti</span> <span class='ocrx_word' id='word_1_50' title='bbox 663 952 780 1036; x_wconf 92' lang='lat' dir='ltr'>populo</span> <span class='ocrx_word' id='word_1_51' title='bbox 813 958 887 1015; x_wconf 88' lang='lat' dir='ltr'>nota</span> <span class='ocrx_word' id='word_1_52' title='bbox 918 951 1021 1017; x_wconf 78' lang='lat' dir='ltr'>tuerit.</span> <span class='ocrx_word' id='word_1_53' title='bbox 1077 951 1175 1035; x_wconf 87' lang='lat' dir='ltr'>Sequi</span> <span class='ocrx_word' id='word_1_54' title='bbox 1205 953 1312 1038; x_wconf 88' lang='lat' dir='ltr'>igitur,</span> <span class='ocrx_word' id='word_1_55' title='bbox 1342 958 1381 1026; x_wconf 88' lang='lat' dir='ltr'>ut</span> 
     </span>
     <span class='ocr_line' id='line_1_8' title="bbox 206 1041 973 1126; baseline -0.005 -21"><span class='ocrx_word' id='word_1_56' title='bbox 206 1041 356 1126; x_wconf 88' lang='lat' dir='ltr'>prologus</span> <span class='ocrx_word' id='word_1_57' title='bbox 379 1041 419 1105; x_wconf 91' lang='grc'>66</span> <span class='ocrx_word' id='word_1_58' title='bbox 441 1042 647 1125; x_wconf 85' lang='lat' dir='ltr'>posteriorem</span> <span class='ocrx_word' id='word_1_59' title='bbox 669 1042 825 1125; x_wconf 86' lang='lat' dir='ltr'>actionem¹</span> <span class='ocrx_word' id='word_1_60' title='bbox 848 1044 973 1123; x_wconf 77' lang='lat' dir='ltr'>spectet.</span> 
     </span>
    </p>

    <p class='ocr_par' dir='ltr' id='par_1_5' title="bbox 204 1128 1380 1303">
     <span class='ocr_line' id='line_1_9' title="bbox 295 1128 1380 1215; baseline 0.002 -23"><span class='ocrx_word' id='word_1_61' title='bbox 295 1128 337 1192; x_wconf 92' lang='lat' dir='ltr'>II.</span> <span class='ocrx_word' id='word_1_62' title='bbox 376 1128 463 1194; x_wconf 89' lang='lat' dir='ltr'>Haec</span> <span class='ocrx_word' id='word_1_63' title='bbox 485 1132 639 1215; x_wconf 88' lang='lat' dir='ltr'>posterior</span> <span class='ocrx_word' id='word_1_64' title='bbox 661 1130 743 1194; x_wconf 89' lang='lat' dir='ltr'>actio</span> <span class='ocrx_word' id='word_1_65' title='bbox 767 1149 830 1213; x_wconf 92' lang='lat' dir='ltr'>quo</span> <span class='ocrx_word' id='word_1_66' title='bbox 853 1149 937 1193; x_wconf 89' lang='lat' dir='ltr'>anno</span> <span class='ocrx_word' id='word_1_67' title='bbox 959 1129 1064 1213; x_wconf 88' lang='lat' dir='ltr'>fuerit,</span> <span class='ocrx_word' id='word_1_68' title='bbox 1088 1148 1128 1193; x_wconf 84' lang='lat' dir='ltr'>ex</span> <span class='ocrx_word' id='word_1_69' title='bbox 1151 1131 1220 1214; x_wconf 90' lang='lat' dir='ltr'>ipso</span> <span class='ocrx_word' id='word_1_70' title='bbox 1238 1130 1380 1195; x_wconf 90' lang='lat' dir='ltr'>Andriae</span> 
     </span>
     <span class='ocr_line' id='line_1_10' title="bbox 204 1218 775 1303; baseline -0.005 -20"><span class='ocrx_word' id='word_1_71' title='bbox 204 1218 334 1303; x_wconf 84' lang='lat' dir='ltr'>prologo</span> <span class='ocrx_word' id='word_1_72' title='bbox 358 1237 508 1302; x_wconf 89' lang='lat' dir='ltr'>apparere</span> <span class='ocrx_word' id='word_1_73' title='bbox 530 1219 608 1281; x_wconf 93' lang='lat' dir='ltr'>mihi</span> <span class='ocrx_word' id='word_1_74' title='bbox 630 1219 775 1282; x_wconf 90' lang='lat' dir='ltr'>videtur:</span> 
     </span>
    </p>
   </div>
   <div class='ocr_carea' id='block_1_3' title="bbox 297 1297 1568 1393">
    <p class='ocr_par' dir='ltr' id='par_1_6' title="bbox 297 1297 1568 1393">
     <span class='ocr_line' id='line_1_11' title="bbox 297 1297 1568 1393; baseline 0.002 -23"><span class='ocrx_word' id='word_1_75' title='bbox 297 1308 324 1372; x_wconf 88' lang='lat'>1.</span> <span class='ocrx_word' id='word_1_76' title='bbox 350 1307 521 1390; x_wconf 90' lang='lat' dir='ltr'>Prologum</span> <span class='ocrx_word' id='word_1_77' title='bbox 553 1307 693 1372; x_wconf 87' lang='lat' dir='ltr'>Andriae</span> <span class='ocrx_word' id='word_1_78' title='bbox 724 1308 861 1391; x_wconf 91' lang='lat' dir='ltr'>primum</span> <span class='ocrx_word' id='word_1_79' title='bbox 895 1297 1024 1372; x_wconf 89' lang='lat' dir='ltr'>omnino</span> <span class='ocrx_word' id='word_1_80' title='bbox 1055 1306 1181 1372; x_wconf 89' lang='lat' dir='ltr'>Terenti</span> <span class='ocrx_word' id='word_1_81' title='bbox 1213 1307 1381 1393; x_wconf 86' lang='lat' dir='ltr'>prologum</span> <span class='ocrx_word' id='word_1_82' title='bbox 1435 1334 1438 1338; x_wconf 94' lang='lat'>·</span> <span class='ocrx_word' id='word_1_83' title='bbox 1564 1301 1568 1310; x_wconf 75' lang='grc'><strong>’</strong></span> 
     </span>
    </p>
   </div>
   <div class='ocr_carea' id='block_1_4' title="bbox 151 1393 1404 4334">
    <p class='ocr_par' dir='ltr' id='par_1_7' title="bbox 151 1393 1382 1569">
     <span class='ocr_line' id='line_1_12' title="bbox 151 1393 1382 1481; baseline -0.001 -20"><span class='ocrx_word' id='word_1_84' title='bbox 151 1415 152 1420; x_wconf 71' lang='grc'>’</span> <span class='ocrx_word' id='word_1_85' title='bbox 205 1417 274 1462; x_wconf 89' lang='grc'><strong>6666</strong></span> <span class='ocrx_word' id='word_1_86' title='bbox 297 1393 483 1479; x_wconf 83' lang='lat' dir='ltr'>collegimus</span> <span class='ocrx_word' id='word_1_87' title='bbox 507 1400 538 1460; x_wconf 92' lang='grc'>61</span> <span class='ocrx_word' id='word_1_88' title='bbox 561 1415 602 1459; x_wconf 84' lang='lat' dir='ltr'>ex</span> <span class='ocrx_word' id='word_1_89' title='bbox 624 1396 745 1480; x_wconf 91' lang='lat' dir='ltr'>prologi</span> <span class='ocrx_word' id='word_1_90' title='bbox 768 1416 819 1464; x_wconf 87' lang='lat' dir='ltr'>vv.</span> <span class='ocrx_word' id='word_1_91' title='bbox 841 1396 925 1458; x_wconf 83' lang='lat' dir='ltr'>l—l</span> <span class='ocrx_word' id='word_1_92' title='bbox 950 1402 981 1460; x_wconf 91' lang='lat' dir='ltr'>et</span> <span class='ocrx_word' id='word_1_93' title='bbox 1004 1415 1045 1460; x_wconf 84' lang='lat' dir='ltr'>ex</span> <span class='ocrx_word' id='word_1_94' title='bbox 1067 1396 1190 1481; x_wconf 89' lang='lat' dir='ltr'>prologi</span> <span class='ocrx_word' id='word_1_95' title='bbox 1213 1417 1264 1461; x_wconf 91' lang='lat' dir='ltr'>vv.</span> <span class='ocrx_word' id='word_1_96' title='bbox 1288 1399 1330 1460; x_wconf 89' lang='grc'>22</span> <span class='ocrx_word' id='word_1_97' title='bbox 1350 1402 1382 1461; x_wconf 91' lang='grc'>61</span> 
     </span>
     <span class='ocr_line' id='line_1_13' title="bbox 207 1485 1162 1569; baseline 0 -21"><span class='ocrx_word' id='word_1_98' title='bbox 207 1487 250 1550; x_wconf 89' lang='grc'>23</span> <span class='ocrx_word' id='word_1_99' title='bbox 274 1491 305 1550; x_wconf 90' lang='grc'>61</span> <span class='ocrx_word' id='word_1_100' title='bbox 327 1505 369 1549; x_wconf 89' lang='lat' dir='ltr'>ex</span> <span class='ocrx_word' id='word_1_101' title='bbox 391 1485 540 1549; x_wconf 93' lang='lat' dir='ltr'>omnibus</span> <span class='ocrx_word' id='word_1_102' title='bbox 563 1485 687 1549; x_wconf 92' lang='lat' dir='ltr'>Terenti</span> <span class='ocrx_word' id='word_1_103' title='bbox 710 1485 848 1569; x_wconf 88' lang='lat' dir='ltr'>prologis</span> <span class='ocrx_word' id='word_1_104' title='bbox 870 1486 953 1549; x_wconf 91' lang='lat' dir='ltr'>inter</span> <span class='ocrx_word' id='word_1_105' title='bbox 975 1504 1009 1549; x_wconf 92' lang='lat' dir='ltr'>se</span> <span class='ocrx_word' id='word_1_106' title='bbox 1031 1485 1162 1550; x_wconf 90' lang='lat' dir='ltr'>collatis.</span> 
     </span>
    </p>

    <p class='ocr_par' dir='ltr' id='par_1_8' title="bbox 208 1572 1380 1926">
     <span class='ocr_line' id='line_1_14' title="bbox 296 1572 1380 1659; baseline 0 -21"><span class='ocrx_word' id='word_1_107' title='bbox 296 1577 326 1639; x_wconf 88' lang='lat'>2.</span> <span class='ocrx_word' id='word_1_108' title='bbox 349 1574 502 1659; x_wconf 83' lang='lat' dir='ltr'>Sequitur</span> <span class='ocrx_word' id='word_1_109' title='bbox 529 1575 642 1658; x_wconf 91' lang='lat' dir='ltr'>igitur,</span> <span class='ocrx_word' id='word_1_110' title='bbox 674 1579 710 1640; x_wconf 94' lang='lat' dir='ltr'>ut</span> <span class='ocrx_word' id='word_1_111' title='bbox 742 1572 884 1638; x_wconf 89' lang='lat' dir='ltr'>Andriae</span> <span class='ocrx_word' id='word_1_112' title='bbox 912 1575 1062 1658; x_wconf 90' lang='lat' dir='ltr'>prologus</span> <span class='ocrx_word' id='word_1_113' title='bbox 1094 1580 1167 1639; x_wconf 89' lang='lat' dir='ltr'>ante</span> <span class='ocrx_word' id='word_1_114' title='bbox 1189 1573 1380 1639; x_wconf 89' lang='lat' dir='ltr'>Heautonti-</span> 
     </span>
     <span class='ocr_line' id='line_1_15' title="bbox 208 1661 1379 1747; baseline 0 -21"><span class='ocrx_word' id='word_1_115' title='bbox 208 1665 385 1727; x_wconf 91' lang='lat' dir='ltr'>morumeni</span> <span class='ocrx_word' id='word_1_116' title='bbox 409 1663 573 1746; x_wconf 89' lang='lat' dir='ltr'>prologum</span> <span class='ocrx_word' id='word_1_117' title='bbox 597 1668 641 1745; x_wconf 92' lang='lat' dir='ltr'>et,</span> <span class='ocrx_word' id='word_1_118' title='bbox 669 1682 741 1727; x_wconf 88' lang='lat' dir='ltr'>curn</span> <span class='ocrx_word' id='word_1_119' title='bbox 771 1665 854 1727; x_wconf 91' lang='lat' dir='ltr'>inter</span> <span class='ocrx_word' id='word_1_120' title='bbox 879 1662 1039 1745; x_wconf 82' lang='lat' dir='ltr'>Hecyram</span> <span class='ocrx_word' id='word_1_121' title='bbox 1063 1661 1103 1747; x_wconf 84' lang='grc' dir='ltr'>(Ι)</span> <span class='ocrx_word' id='word_1_122' title='bbox 1131 1668 1162 1728; x_wconf 91' lang='grc'>61</span> <span class='ocrx_word' id='word_1_123' title='bbox 1192 1663 1379 1728; x_wconf 90' lang='grc' dir='ltr'><strong>Η66616611-</strong></span> 
     </span>
     <span class='ocr_line' id='line_1_16' title="bbox 208 1751 1380 1836; baseline 0.002 -21"><span class='ocrx_word' id='word_1_124' title='bbox 208 1771 415 1816; x_wconf 90' lang='lat' dir='ltr'>morumenon</span> <span class='ocrx_word' id='word_1_125' title='bbox 443 1753 542 1816; x_wconf 88' lang='lat' dir='ltr'>nulla·</span> <span class='ocrx_word' id='word_1_126' title='bbox 555 1751 680 1817; x_wconf 79' lang='lat' dir='ltr'>Terenti</span> <span class='ocrx_word' id='word_1_127' title='bbox 704 1752 811 1816; x_wconf 85' lang='lat' dir='ltr'>fabula</span> <span class='ocrx_word' id='word_1_128' title='bbox 838 1757 908 1816; x_wconf 87' lang='lat' dir='ltr'>acta</span> <span class='ocrx_word' id='word_1_129' title='bbox 935 1755 990 1836; x_wconf 89' lang='lat' dir='ltr'>sit,</span> <span class='ocrx_word' id='word_1_130' title='bbox 1017 1755 1110 1816; x_wconf 87' lang='lat' dir='ltr'>etiam</span> <span class='ocrx_word' id='word_1_131' title='bbox 1140 1758 1212 1817; x_wconf 91' lang='lat' dir='ltr'>ante</span> <span class='ocrx_word' id='word_1_132' title='bbox 1235 1752 1380 1836; x_wconf 88' lang='lat' dir='ltr'>Hecyrae</span> 
     </span>
     <span class='ocr_line' id='line_1_17' title="bbox 208 1842 808 1926; baseline 0.003 -22"><span class='ocrx_word' id='word_1_133' title='bbox 208 1842 341 1924; x_wconf 89' lang='lat' dir='ltr'>primam</span> <span class='ocrx_word' id='word_1_134' title='bbox 365 1843 518 1906; x_wconf 86' lang='lat' dir='ltr'>actionem</span> <span class='ocrx_word' id='word_1_135' title='bbox 543 1842 736 1926; x_wconf 91' lang='lat' dir='ltr'>compositus</span> <span class='ocrx_word' id='word_1_136' title='bbox 759 1843 808 1906; x_wconf 90' lang='lat' dir='ltr'>sit</span> 
     </span>
    </p>

    <p class='ocr_par' dir='ltr' id='par_1_9' title="bbox 205 1929 1379 2440">
     <span class='ocr_line' id='line_1_18' title="bbox 298 1929 1378 2015; baseline 0.001 -21"><span class='ocrx_word' id='word_1_137' title='bbox 298 1933 325 1994; x_wconf 88' lang='lat'>3.</span> <span class='ocrx_word' id='word_1_138' title='bbox 348 1929 419 1995; x_wconf 86' lang='lat' dir='ltr'>Hoc</span> <span class='ocrx_word' id='word_1_139' title='bbox 442 1950 514 1995; x_wconf 89' lang='lat' dir='ltr'>cum</span> <span class='ocrx_word' id='word_1_140' title='bbox 538 1936 693 2015; x_wconf 81' lang='lat' dir='ltr'>appareat,</span> <span class='ocrx_word' id='word_1_141' title='bbox 717 1932 873 2015; x_wconf 89' lang='lat' dir='ltr'>sequitur,</span> <span class='ocrx_word' id='word_1_142' title='bbox 896 1935 933 1995; x_wconf 91' lang='lat' dir='ltr'>ut</span> <span class='ocrx_word' id='word_1_143' title='bbox 954 1931 1109 2015; x_wconf 86' lang='lat' dir='ltr'>posterior</span> <span class='ocrx_word' id='word_1_144' title='bbox 1132 1932 1273 1996; x_wconf 89' lang='lat' dir='ltr'>Andriae</span> <span class='ocrx_word' id='word_1_145' title='bbox 1297 1933 1378 1995; x_wconf 90' lang='lat' dir='ltr'>actio</span> 
     </span>
     <span class='ocr_line' id='line_1_19' title="bbox 206 2018 1378 2104; baseline 0.002 -21"><span class='ocrx_word' id='word_1_146' title='bbox 206 2026 279 2084; x_wconf 87' lang='lat' dir='ltr'>ante</span> <span class='ocrx_word' id='word_1_147' title='bbox 310 2018 469 2102; x_wconf 83' lang='lat' dir='ltr'>Hecyram</span> <span class='ocrx_word' id='word_1_148' title='bbox 501 2020 539 2102; x_wconf 82' lang='grc' dir='ltr'>(Ι)</span> <span class='ocrx_word' id='word_1_149' title='bbox 571 2023 600 2084; x_wconf 87' lang='lat' dir='ltr'>h.</span> <span class='ocrx_word' id='word_1_150' title='bbox 625 2039 650 2084; x_wconf 94' lang='lat' dir='ltr'>e.</span> <span class='ocrx_word' id='word_1_151' title='bbox 674 2025 747 2083; x_wconf 89' lang='lat' dir='ltr'>ante</span> <span class='ocrx_word' id='word_1_152' title='bbox 771 2019 912 2104; x_wconf 79' lang='lat' dir='ltr'>Aprilem</span> <span class='ocrx_word' id='word_1_153' title='bbox 941 2021 1018 2084; x_wconf 89' lang='lat' dir='ltr'>anni</span> <span class='ocrx_word' id='word_1_154' title='bbox 1043 2020 1105 2083; x_wconf 86' lang='grc'>165</span> <span class='ocrx_word' id='word_1_155' title='bbox 1130 2041 1156 2084; x_wconf 88' lang='lat' dir='ltr'>a.</span> <span class='ocrx_word' id='word_1_156' title='bbox 1181 2018 1251 2084; x_wconf 82' lang='lat' dir='ltr'>Chr.</span> <span class='ocrx_word' id='word_1_157' title='bbox 1275 2020 1378 2085; x_wconf 87' lang='lat' dir='ltr'>fuerit.</span> 
     </span>
     <span class='ocr_line' id='line_1_20' title="bbox 205 2107 1378 2193; baseline 0.001 -20"><span class='ocrx_word' id='word_1_158' title='bbox 205 2107 269 2173; x_wconf 81' lang='lat' dir='ltr'>Sed</span> <span class='ocrx_word' id='word_1_159' title='bbox 292 2129 365 2172; x_wconf 90' lang='lat' dir='ltr'>cum</span> <span class='ocrx_word' id='word_1_160' title='bbox 389 2116 462 2173; x_wconf 92' lang='lat' dir='ltr'>ante</span> <span class='ocrx_word' id='word_1_161' title='bbox 484 2109 629 2193; x_wconf 80' lang='lat' dir='ltr'>Aprilem</span> <span class='ocrx_word' id='word_1_162' title='bbox 651 2108 771 2174; x_wconf 89' lang='lat' dir='ltr'>Romae</span> <span class='ocrx_word' id='word_1_163' title='bbox 793 2109 862 2174; x_wconf 89' lang='grc'><strong>1661</strong></span> <span class='ocrx_word' id='word_1_164' title='bbox 885 2129 949 2173; x_wconf 90' lang='grc'>666</span> <span class='ocrx_word' id='word_1_165' title='bbox 971 2109 1100 2192; x_wconf 87' lang='lat' dir='ltr'>fuerint,</span> <span class='ocrx_word' id='word_1_166' title='bbox 1132 2108 1270 2174; x_wconf 87' lang='lat' dir='ltr'>officitur</span> <span class='ocrx_word' id='word_1_167' title='bbox 1291 2111 1378 2174; x_wconf 89' lang='lat' dir='ltr'>illam</span> 
     </span>
     <span class='ocr_line' id='line_1_21' title="bbox 206 2197 1379 2283; baseline -0.001 -21"><span class='ocrx_word' id='word_1_168' title='bbox 206 2199 314 2262; x_wconf 85' lang='lat' dir='ltr'>eodem</span> <span class='ocrx_word' id='word_1_169' title='bbox 349 2219 433 2262; x_wconf 89' lang='lat' dir='ltr'>anno</span> <span class='ocrx_word' id='word_1_170' title='bbox 466 2198 541 2280; x_wconf 88' lang='grc'><strong>(166</strong></span> <span class='ocrx_word' id='word_1_171' title='bbox 572 2219 598 2264; x_wconf 91' lang='grc'>6.</span> <span class='ocrx_word' id='word_1_172' title='bbox 628 2197 712 2282; x_wconf 82' lang='lat' dir='ltr'>cnr.)</span> <span class='ocrx_word' id='word_1_173' title='bbox 749 2203 843 2283; x_wconf 91' lang='lat' dir='ltr'>atque</span> <span class='ocrx_word' id='word_1_174' title='bbox 880 2199 1015 2282; x_wconf 89' lang='lat' dir='ltr'>primam</span> <span class='ocrx_word' id='word_1_175' title='bbox 1052 2199 1192 2263; x_wconf 90' lang='lat' dir='ltr'>Andriae</span> <span class='ocrx_word' id='word_1_176' title='bbox 1224 2200 1379 2263; x_wconf 85' lang='lat' dir='ltr'>actionem</span> 
     </span>
     <span class='ocr_line' id='line_1_22' title="bbox 205 2283 1378 2372; baseline 0 -22"><span class='ocrx_word' id='word_1_177' title='bbox 205 2287 319 2350; x_wconf 83' lang='lat' dir='ltr'>fuisse:</span> <span class='ocrx_word' id='word_1_178' title='bbox 337 2306 450 2372; x_wconf 90' lang='lat' dir='ltr'>nempe</span> <span class='ocrx_word' id='word_1_179' title='bbox 463 2290 581 2352; x_wconf 90' lang='lat' dir='ltr'>iterum</span> <span class='ocrx_word' id='word_1_180' title='bbox 597 2294 699 2353; x_wconf 89' lang='lat' dir='ltr'>aotam</span> <span class='ocrx_word' id='word_1_181' title='bbox 718 2306 786 2352; x_wconf 90' lang='grc'><strong>6666</strong></span> <span class='ocrx_word' id='word_1_182' title='bbox 805 2288 958 2352; x_wconf 90' lang='lat' dir='ltr'>Andriam</span> <span class='ocrx_word' id='word_1_183' title='bbox 971 2283 1133 2372; x_wconf 89' lang='lat' dir='ltr'>probabile</span> <span class='ocrx_word' id='word_1_184' title='bbox 1152 2293 1200 2352; x_wconf 91' lang='lat' dir='ltr'>est</span> <span class='ocrx_word' id='word_1_185' title='bbox 1217 2287 1378 2351; x_wconf 87' lang='grc'><strong>6666166</strong></span> 
     </span>
     <span class='ocr_line' id='line_1_23' title="bbox 207 2374 473 2440; baseline 0.004 -3"><span class='ocrx_word' id='word_1_186' title='bbox 207 2376 291 2438; x_wconf 85' lang='grc'><strong>16616</strong></span> <span class='ocrx_word' id='word_1_187' title='bbox 313 2374 473 2440; x_wconf 89' lang='lat' dir='ltr'>Romanis.</span> 
     </span>
    </p>

    <p class='ocr_par' dir='ltr' id='par_1_10' title="bbox 203 2463 1404 4334">
     <span class='ocr_line' id='line_1_24' title="bbox 296 2463 1378 2550; baseline -0.001 -22"><span class='ocrx_word' id='word_1_188' title='bbox 296 2463 357 2528; x_wconf 86' lang='lat' dir='ltr'>His</span> <span class='ocrx_word' id='word_1_189' title='bbox 388 2467 537 2549; x_wconf 85' lang='lat' dir='ltr'>expositis</span> <span class='ocrx_word' id='word_1_190' title='bbox 570 2466 647 2550; x_wconf 91' lang='lat' dir='ltr'>quid</span> <span class='ocrx_word' id='word_1_191' title='bbox 679 2465 823 2530; x_wconf 90' lang='lat' dir='ltr'>Terentio</span> <span class='ocrx_word' id='word_1_192' title='bbox 860 2485 944 2529; x_wconf 91' lang='lat' dir='ltr'>anno</span> <span class='ocrx_word' id='word_1_193' title='bbox 979 2465 1042 2528; x_wconf 83' lang='lat'>166</span> <span class='ocrx_word' id='word_1_194' title='bbox 1076 2466 1227 2532; x_wconf 86' lang='lat' dir='ltr'>accidisse</span> <span class='ocrx_word' id='word_1_195' title='bbox 1260 2471 1378 2549; x_wconf 90' lang='lat' dir='ltr'>putem,</span> 
     </span>
     <span class='ocr_line' id='line_1_25' title="bbox 208 2553 1377 2638; baseline 0.001 -22"><span class='ocrx_word' id='word_1_196' title='bbox 208 2553 345 2617; x_wconf 88' lang='lat' dir='ltr'>breviter</span> <span class='ocrx_word' id='word_1_197' title='bbox 366 2573 541 2638; x_wconf 86' lang='lat' dir='ltr'>exponam:</span> <span class='ocrx_word' id='word_1_198' title='bbox 565 2555 730 2619; x_wconf 89' lang='lat' dir='ltr'>Terentius</span> <span class='ocrx_word' id='word_1_199' title='bbox 747 2555 849 2638; x_wconf 86' lang='lat' dir='ltr'>Aprili</span> <span class='ocrx_word' id='word_1_200' title='bbox 872 2556 948 2618; x_wconf 90' lang='lat' dir='ltr'>anni</span> <span class='ocrx_word' id='word_1_201' title='bbox 973 2555 1035 2618; x_wconf 92' lang='grc'>166</span> <span class='ocrx_word' id='word_1_202' title='bbox 1057 2555 1220 2637; x_wconf 83' lang='lat' dir='ltr'>Andriam,</span> <span class='ocrx_word' id='word_1_203' title='bbox 1243 2555 1377 2638; x_wconf 90' lang='lat' dir='ltr'>primam</span> 
     </span>
     <span class='ocr_line' id='line_1_26' title="bbox 207 2641 1378 2728; baseline 0.003 -23"><span class='ocrx_word' id='word_1_204' title='bbox 207 2641 346 2706; x_wconf 87' lang='lat' dir='ltr'>fabulam</span> <span class='ocrx_word' id='word_1_205' title='bbox 369 2663 472 2727; x_wconf 81' lang='lat' dir='ltr'>ruam,</span> <span class='ocrx_word' id='word_1_206' title='bbox 501 2645 535 2707; x_wconf 97' lang='grc'>16</span> <span class='ocrx_word' id='word_1_207' title='bbox 559 2663 706 2708; x_wconf 89' lang='lat' dir='ltr'>scaenam</span> <span class='ocrx_word' id='word_1_208' title='bbox 728 2645 858 2727; x_wconf 91' lang='lat' dir='ltr'>protulit</span> <span class='ocrx_word' id='word_1_209' title='bbox 881 2643 984 2726; x_wconf 89' lang='lat' dir='ltr'>nullo,</span> <span class='ocrx_word' id='word_1_210' title='bbox 1011 2651 1049 2708; x_wconf 92' lang='lat' dir='ltr'>ut</span> <span class='ocrx_word' id='word_1_211' title='bbox 1076 2643 1137 2708; x_wconf 92' lang='lat' dir='ltr'>sibi</span> <span class='ocrx_word' id='word_1_212' title='bbox 1165 2649 1378 2728; x_wconf 90' lang='lat' dir='ltr'>proposuerat,</span> 
     </span>
     <span class='ocr_line' id='line_1_27' title="bbox 206 2731 1378 2818; baseline 0.003 -23"><span class='ocrx_word' id='word_1_213' title='bbox 206 2732 334 2816; x_wconf 92' lang='lat' dir='ltr'>prologo</span> <span class='ocrx_word' id='word_1_214' title='bbox 357 2733 472 2797; x_wconf 90' lang='grc'><strong>666116.</strong></span> <span class='ocrx_word' id='word_1_215' title='bbox 518 2734 641 2798; x_wconf 87' lang='lat' dir='ltr'>Andria</span> <span class='ocrx_word' id='word_1_216' title='bbox 664 2735 756 2798; x_wconf 91' lang='lat' dir='ltr'>stetit.</span> <span class='ocrx_word' id='word_1_217' title='bbox 804 2731 852 2797; x_wconf 94' lang='lat' dir='ltr'>Ob</span> <span class='ocrx_word' id='word_1_218' title='bbox 871 2735 972 2818; x_wconf 89' lang='lat' dir='ltr'>ipsam</span> <span class='ocrx_word' id='word_1_219' title='bbox 991 2735 1071 2797; x_wconf 88' lang='lat' dir='ltr'>hanc</span> <span class='ocrx_word' id='word_1_220' title='bbox 1089 2752 1156 2798; x_wconf 90' lang='lat' dir='ltr'>rem</span> <span class='ocrx_word' id='word_1_221' title='bbox 1175 2739 1267 2817; x_wconf 88' lang='lat' dir='ltr'>poeta</span> <span class='ocrx_word' id='word_1_222' title='bbox 1285 2737 1378 2798; x_wconf 89' lang='lat' dir='ltr'>vetus</span> 
     </span>
     <span class='ocr_line' id='line_1_28' title="bbox 206 2820 1379 2906; baseline 0.002 -22"><span class='ocrx_word' id='word_1_223' title='bbox 206 2822 338 2904; x_wconf 90' lang='lat' dir='ltr'>eiusque</span> <span class='ocrx_word' id='word_1_224' title='bbox 360 2820 507 2903; x_wconf 88' lang='lat' dir='ltr'>asseclae,</span> <span class='ocrx_word' id='word_1_225' title='bbox 537 2827 572 2885; x_wconf 92' lang='lat' dir='ltr'>ut</span> <span class='ocrx_word' id='word_1_226' title='bbox 594 2829 719 2906; x_wconf 91' lang='lat' dir='ltr'>poetam</span> <span class='ocrx_word' id='word_1_227' title='bbox 741 2841 875 2905; x_wconf 92' lang='lat' dir='ltr'>novum,</span> <span class='ocrx_word' id='word_1_228' title='bbox 902 2825 994 2887; x_wconf 89' lang='lat' dir='ltr'>cuius</span> <span class='ocrx_word' id='word_1_229' title='bbox 1018 2825 1122 2887; x_wconf 91' lang='lat' dir='ltr'>statim</span> <span class='ocrx_word' id='word_1_230' title='bbox 1146 2825 1249 2906; x_wconf 87' lang='lat' dir='ltr'>prima</span> <span class='ocrx_word' id='word_1_231' title='bbox 1271 2822 1379 2886; x_wconf 89' lang='lat' dir='ltr'>fabula</span> 
     </span>
     <span class='ocr_line' id='line_1_29' title="bbox 205 2909 1379 2996; baseline 0.002 -23"><span class='ocrx_word' id='word_1_232' title='bbox 205 2909 379 2994; x_wconf 85' lang='lat' dir='ltr'>placuerat,</span> <span class='ocrx_word' id='word_1_233' title='bbox 411 2931 429 2975; x_wconf 98' lang='grc'>6</span> <span class='ocrx_word' id='word_1_234' title='bbox 463 2911 628 2976; x_wconf 90' lang='lat' dir='ltr'>scribendo</span> <span class='ocrx_word' id='word_1_235' title='bbox 661 2911 866 2993; x_wconf 85' lang='lat' dir='ltr'>deterrerent,</span> <span class='ocrx_word' id='word_1_236' title='bbox 897 2914 1033 2996; x_wconf 90' lang='lat' dir='ltr'>impetus</span> <span class='ocrx_word' id='word_1_237' title='bbox 1066 2913 1099 2974; x_wconf 93' lang='lat' dir='ltr'>in</span> <span class='ocrx_word' id='word_1_238' title='bbox 1134 2931 1206 2976; x_wconf 87' lang='lat' dir='ltr'>eum</span> <span class='ocrx_word' id='word_1_239' title='bbox 1235 2912 1379 2975; x_wconf 89' lang='lat' dir='ltr'>fecerunt</span> 
     </span>
     <span class='ocr_line' id='line_1_30' title="bbox 207 2994 1378 3085; baseline 0.001 -23"><span class='ocrx_word' id='word_1_240' title='bbox 207 3001 340 3083; x_wconf 88' lang='lat' dir='ltr'>eiusque</span> <span class='ocrx_word' id='word_1_241' title='bbox 362 2994 503 3063; x_wconf 85' lang='lat' dir='ltr'>fabulam</span> <span class='ocrx_word' id='word_1_242' title='bbox 525 3001 792 3084; x_wconf 84' lang='lat' dir='ltr'>vituperaverunt,</span> <span class='ocrx_word' id='word_1_243' title='bbox 817 3003 901 3085; x_wconf 92' lang='lat' dir='ltr'>quod</span> <span class='ocrx_word' id='word_1_244' title='bbox 924 3021 942 3065; x_wconf 92' lang='lat' dir='ltr'>e</span> <span class='ocrx_word' id='word_1_245' title='bbox 966 3001 1089 3065; x_wconf 91' lang='lat' dir='ltr'>duabus</span> <span class='ocrx_word' id='word_1_246' title='bbox 1113 3001 1230 3064; x_wconf 86' lang='lat' dir='ltr'>fabulis</span> <span class='ocrx_word' id='word_1_247' title='bbox 1249 3000 1378 3066; x_wconf 86' lang='lat' dir='ltr'>Graecis</span> 
     </span>
     <span class='ocr_line' id='line_1_31' title="bbox 206 3085 1378 3173; baseline 0.001 -23"><span class='ocrx_word' id='word_1_248' title='bbox 206 3090 427 3152; x_wconf 90' lang='lat' dir='ltr'>contaminatis</span> <span class='ocrx_word' id='word_1_249' title='bbox 450 3085 585 3153; x_wconf 88' lang='lat' dir='ltr'>conflata</span> <span class='ocrx_word' id='word_1_250' title='bbox 608 3096 696 3154; x_wconf 89' lang='grc'><strong>66661.</strong></span> <span class='ocrx_word' id='word_1_251' title='bbox 742 3089 864 3154; x_wconf 87' lang='lat' dir='ltr'>Verum</span> <span class='ocrx_word' id='word_1_252' title='bbox 887 3092 965 3154; x_wconf 89' lang='lat' dir='ltr'>istae</span> <span class='ocrx_word' id='word_1_253' title='bbox 993 3090 1238 3171; x_wconf 87' lang='lat' dir='ltr'>criminationes,</span> <span class='ocrx_word' id='word_1_254' title='bbox 1262 3091 1378 3173; x_wconf 89' lang='lat' dir='ltr'>quippe</span> 
     </span>
     <span class='ocr_line' id='line_1_32' title="bbox 206 3179 1379 3264; baseline -0.001 -22"><span class='ocrx_word' id='word_1_255' title='bbox 206 3197 289 3261; x_wconf 90' lang='lat' dir='ltr'>quae</span> <span class='ocrx_word' id='word_1_256' title='bbox 312 3198 330 3240; x_wconf 91' lang='grc'>6</span> <span class='ocrx_word' id='word_1_257' title='bbox 357 3183 449 3261; x_wconf 87' lang='grc'><strong>66616</strong></span> <span class='ocrx_word' id='word_1_258' title='bbox 477 3183 582 3242; x_wconf 87' lang='lat' dir='ltr'>vetere</span> <span class='ocrx_word' id='word_1_259' title='bbox 602 3199 623 3252; x_wconf 62' lang='lat' dir='ltr'>‚a</span> <span class='ocrx_word' id='word_1_260' title='bbox 644 3181 762 3264; x_wconf 92' lang='grc'><strong>666616</strong></span> <span class='ocrx_word' id='word_1_261' title='bbox 794 3180 980 3244; x_wconf 88' lang='lat' dir='ltr'>iamdudum</span> <span class='ocrx_word' id='word_1_262' title='bbox 1007 3181 1134 3262; x_wconf 92' lang='lat' dir='ltr'>cognito</span> <span class='ocrx_word' id='word_1_263' title='bbox 1162 3179 1263 3244; x_wconf 87' lang='lat' dir='ltr'>factae</span> <span class='ocrx_word' id='word_1_264' title='bbox 1292 3198 1379 3263; x_wconf 90' lang='lat' dir='ltr'>spar-</span> 
     </span>
     <span class='ocr_line' id='line_1_33' title="bbox 205 3268 1377 3353; baseline 0.003 -25"><span class='ocrx_word' id='word_1_265' title='bbox 205 3285 325 3351; x_wconf 88' lang='lat' dir='ltr'>saeque</span> <span class='ocrx_word' id='word_1_266' title='bbox 347 3274 461 3348; x_wconf 88' lang='lat' dir='ltr'>essent,</span> <span class='ocrx_word' id='word_1_267' title='bbox 483 3274 592 3352; x_wconf 86' lang='lat' dir='ltr'>poetae</span> <span class='ocrx_word' id='word_1_268' title='bbox 615 3289 698 3332; x_wconf 85' lang='lat' dir='ltr'>novo</span> <span class='ocrx_word' id='word_1_269' title='bbox 720 3269 896 3353; x_wconf 87' lang='lat' dir='ltr'>periculum</span> <span class='ocrx_word' id='word_1_270' title='bbox 915 3268 1087 3333; x_wconf 85' lang='lat' dir='ltr'>offerebant</span> <span class='ocrx_word' id='word_1_271' title='bbox 1102 3268 1188 3331; x_wconf 92' lang='lat' dir='ltr'>haud</span> <span class='ocrx_word' id='word_1_272' title='bbox 1210 3268 1377 3332; x_wconf 90' lang='lat' dir='ltr'>mediocre.</span> 
     </span>
     <span class='ocr_line' id='line_1_34' title="bbox 208 3352 1378 3441; baseline 0.001 -23"><span class='ocrx_word' id='word_1_273' title='bbox 208 3352 294 3430; x_wconf 80' lang='lat' dir='ltr'>Quas</span> <span class='ocrx_word' id='word_1_274' title='bbox 311 3361 348 3420; x_wconf 89' lang='grc'>61</span> <span class='ocrx_word' id='word_1_275' title='bbox 365 3359 502 3440; x_wconf 82' lang='grc'><strong>66166661,</strong></span> <span class='ocrx_word' id='word_1_276' title='bbox 524 3356 689 3422; x_wconf 77' lang='lat' dir='ltr'>Terentius</span> <span class='ocrx_word' id='word_1_277' title='bbox 708 3359 871 3422; x_wconf 91' lang='lat' dir='ltr'>occasione</span> <span class='ocrx_word' id='word_1_278' title='bbox 890 3359 961 3422; x_wconf 88' lang='lat' dir='ltr'>data</span> <span class='ocrx_word' id='word_1_279' title='bbox 986 3377 1020 3422; x_wconf 90' lang='lat' dir='ltr'>se</span> <span class='ocrx_word' id='word_1_280' title='bbox 1039 3357 1206 3422; x_wconf 86' lang='lat' dir='ltr'>defendere</span> <span class='ocrx_word' id='word_1_281' title='bbox 1224 3355 1378 3441; x_wconf 92' lang='lat' dir='ltr'>cupiebat.</span> 
     </span>
     <span class='ocr_line' id='line_1_35' title="bbox 207 3443 1379 3531; baseline 0.002 -24"><span class='ocrx_word' id='word_1_282' title='bbox 207 3443 306 3507; x_wconf 88' lang='lat' dir='ltr'>Simul</span> <span class='ocrx_word' id='word_1_283' title='bbox 332 3447 399 3510; x_wconf 89' lang='lat' dir='ltr'>eius</span> <span class='ocrx_word' id='word_1_284' title='bbox 421 3448 571 3510; x_wconf 89' lang='lat' dir='ltr'>intererat</span> <span class='ocrx_word' id='word_1_285' title='bbox 593 3448 686 3529; x_wconf 90' lang='lat' dir='ltr'>scire,</span> <span class='ocrx_word' id='word_1_286' title='bbox 715 3448 791 3531; x_wconf 92' lang='lat' dir='ltr'>quid</span> <span class='ocrx_word' id='word_1_287' title='bbox 820 3447 859 3510; x_wconf 92' lang='lat' dir='ltr'>de</span> <span class='ocrx_word' id='word_1_288' title='bbox 882 3449 1148 3510; x_wconf 87' lang='lat' dir='ltr'>contaminatione</span> <span class='ocrx_word' id='word_1_289' title='bbox 1170 3447 1306 3530; x_wconf 91' lang='grc'><strong>6666166</strong></span> <span class='ocrx_word' id='word_1_290' title='bbox 1329 3447 1379 3509; x_wconf 91' lang='lat' dir='ltr'>iu·</span> 
     </span>
     <span class='ocr_line' id='line_1_36' title="bbox 206 3532 1379 3620; baseline 0.002 -25"><span class='ocrx_word' id='word_1_291' title='bbox 206 3532 367 3598; x_wconf 89' lang='lat' dir='ltr'>dicaturus</span> <span class='ocrx_word' id='word_1_292' title='bbox 389 3541 477 3599; x_wconf 88' lang='lat' dir='ltr'>esset.</span> <span class='ocrx_word' id='word_1_293' title='bbox 525 3534 595 3612; x_wconf 79' lang='lat' dir='ltr'>Qua</span> <span class='ocrx_word' id='word_1_294' title='bbox 619 3537 658 3600; x_wconf 91' lang='lat' dir='ltr'>de</span> <span class='ocrx_word' id='word_1_295' title='bbox 681 3556 776 3600; x_wconf 89' lang='lat' dir='ltr'>causa</span> <span class='ocrx_word' id='word_1_296' title='bbox 798 3536 935 3620; x_wconf 85' lang='lat' dir='ltr'>perfecit,</span> <span class='ocrx_word' id='word_1_297' title='bbox 958 3541 994 3599; x_wconf 91' lang='lat' dir='ltr'>ut</span> <span class='ocrx_word' id='word_1_298' title='bbox 1017 3537 1127 3600; x_wconf 90' lang='lat' dir='ltr'>eodem</span> <span class='ocrx_word' id='word_1_299' title='bbox 1150 3555 1235 3598; x_wconf 87' lang='lat' dir='ltr'>anno</span> <span class='ocrx_word' id='word_1_300' title='bbox 1257 3534 1379 3599; x_wconf 89' lang='lat' dir='ltr'>Andria</span> 
     </span>
     <span class='ocr_line' id='line_1_37' title="bbox 203 3623 1378 3709; baseline 0 -24"><span class='ocrx_word' id='word_1_301' title='bbox 203 3623 320 3686; x_wconf 88' lang='lat' dir='ltr'>iterum</span> <span class='ocrx_word' id='word_1_302' title='bbox 344 3633 496 3706; x_wconf 86' lang='lat' dir='ltr'>ageretur,</span> <span class='ocrx_word' id='word_1_303' title='bbox 518 3633 549 3688; x_wconf 93' lang='lat' dir='ltr'>et</span> <span class='ocrx_word' id='word_1_304' title='bbox 572 3631 641 3689; x_wconf 87' lang='lat' dir='ltr'>turn</span> <span class='ocrx_word' id='word_1_305' title='bbox 663 3627 825 3709; x_wconf 89' lang='lat' dir='ltr'>praemisit</span> <span class='ocrx_word' id='word_1_306' title='bbox 842 3625 968 3688; x_wconf 83' lang='lat' dir='ltr'>fabulae</span> <span class='ocrx_word' id='word_1_307' title='bbox 991 3644 1074 3707; x_wconf 91' lang='lat' dir='ltr'>eum,</span> <span class='ocrx_word' id='word_1_308' title='bbox 1098 3644 1194 3707; x_wconf 91' lang='lat' dir='ltr'>quem</span> <span class='ocrx_word' id='word_1_309' title='bbox 1218 3623 1378 3704; x_wconf 90' lang='lat' dir='ltr'>habemus,</span> 
     </span>
     <span class='ocr_line' id='line_1_38' title="bbox 205 3712 1378 3797; baseline 0 -22"><span class='ocrx_word' id='word_1_310' title='bbox 205 3713 379 3797; x_wconf 89' lang='lat' dir='ltr'>prologum,</span> <span class='ocrx_word' id='word_1_311' title='bbox 402 3734 466 3797; x_wconf 90' lang='lat' dir='ltr'>quo</span> <span class='ocrx_word' id='word_1_312' title='bbox 489 3720 520 3778; x_wconf 93' lang='lat' dir='ltr'>et</span> <span class='ocrx_word' id='word_1_313' title='bbox 543 3714 657 3777; x_wconf 88' lang='lat' dir='ltr'>blanda</span> <span class='ocrx_word' id='word_1_314' title='bbox 680 3720 711 3777; x_wconf 91' lang='lat' dir='ltr'>et</span> <span class='ocrx_word' id='word_1_315' title='bbox 733 3716 869 3797; x_wconf 92' lang='lat' dir='ltr'>eleganti</span> <span class='ocrx_word' id='word_1_316' title='bbox 887 3714 1067 3778; x_wconf 89' lang='lat' dir='ltr'>adulatione</span> <span class='ocrx_word' id='word_1_317' title='bbox 1090 3732 1169 3777; x_wconf 90' lang='lat' dir='ltr'>usus</span> <span class='ocrx_word' id='word_1_318' title='bbox 1192 3712 1282 3790; x_wconf 85' lang='lat' dir='ltr'>dixit,</span> <span class='ocrx_word' id='word_1_319' title='bbox 1305 3731 1378 3776; x_wconf 91' lang='lat' dir='ltr'>cum</span> 
     </span>
     <span class='ocr_line' id='line_1_39' title="bbox 206 3801 1378 3887; baseline 0 -24"><span class='ocrx_word' id='word_1_320' title='bbox 206 3802 342 3883; x_wconf 91' lang='lat' dir='ltr'>primum</span> <span class='ocrx_word' id='word_1_321' title='bbox 367 3803 405 3866; x_wconf 92' lang='grc'>66</span> <span class='ocrx_word' id='word_1_322' title='bbox 428 3802 544 3866; x_wconf 82' lang='grc'><strong>1616116</strong></span> <span class='ocrx_word' id='word_1_323' title='bbox 562 3802 736 3868; x_wconf 88' lang='lat' dir='ltr'>scribendis</span> <span class='ocrx_word' id='word_1_324' title='bbox 752 3805 960 3887; x_wconf 87' lang='lat' dir='ltr'>cogitavisset,</span> <span class='ocrx_word' id='word_1_325' title='bbox 983 3804 1016 3866; x_wconf 93' lang='lat' dir='ltr'>id</span> <span class='ocrx_word' id='word_1_326' title='bbox 1032 3801 1135 3866; x_wconf 91' lang='lat' dir='ltr'>solum</span> <span class='ocrx_word' id='word_1_327' title='bbox 1154 3801 1218 3864; x_wconf 88' lang='lat' dir='ltr'>sibi</span> <span class='ocrx_word' id='word_1_328' title='bbox 1236 3807 1378 3886; x_wconf 88' lang='grc'><strong>6666166-</strong></span> 
     </span>
     <span class='ocr_line' id='line_1_40' title="bbox 207 3889 1379 3977; baseline 0.002 -25"><span class='ocrx_word' id='word_1_329' title='bbox 207 3889 282 3955; x_wconf 91' lang='lat' dir='ltr'>dum</span> <span class='ocrx_word' id='word_1_330' title='bbox 305 3909 374 3955; x_wconf 92' lang='lat' dir='ltr'>esse</span> <span class='ocrx_word' id='word_1_331' title='bbox 396 3911 465 3955; x_wconf 89' lang='lat' dir='ltr'>sese</span> <span class='ocrx_word' id='word_1_332' title='bbox 488 3892 666 3976; x_wconf 88' lang='lat' dir='ltr'>credidisse,</span> <span class='ocrx_word' id='word_1_333' title='bbox 690 3899 725 3956; x_wconf 93' lang='lat' dir='ltr'>ut</span> <span class='ocrx_word' id='word_1_334' title='bbox 747 3892 873 3956; x_wconf 88' lang='lat' dir='ltr'>fabulae</span> <span class='ocrx_word' id='word_1_335' title='bbox 895 3891 1014 3977; x_wconf 90' lang='lat' dir='ltr'>populo</span> <span class='ocrx_word' id='word_1_336' title='bbox 1033 3892 1201 3974; x_wconf 90' lang='lat' dir='ltr'>placerent,</span> <span class='ocrx_word' id='word_1_337' title='bbox 1225 3891 1281 3955; x_wconf 92' lang='lat' dir='ltr'>sed</span> <span class='ocrx_word' id='word_1_338' title='bbox 1305 3911 1379 3955; x_wconf 90' lang='lat' dir='ltr'>cum</span> 
     </span>
     <span class='ocr_line' id='line_1_41' title="bbox 204 3979 1378 4066; baseline 0.001 -25"><span class='ocrx_word' id='word_1_339' title='bbox 204 3979 307 4064; x_wconf 93' lang='lat' dir='ltr'>iniqui</span> <span class='ocrx_word' id='word_1_340' title='bbox 331 4000 365 4044; x_wconf 91' lang='lat' dir='ltr'>se</span> <span class='ocrx_word' id='word_1_341' title='bbox 393 3983 533 4063; x_wconf 87' lang='lat' dir='ltr'>aggressi</span> <span class='ocrx_word' id='word_1_342' title='bbox 560 3988 665 4045; x_wconf 92' lang='lat' dir='ltr'>essent</span> <span class='ocrx_word' id='word_1_343' title='bbox 692 3987 818 4066; x_wconf 90' lang='lat' dir='ltr'>propter</span> <span class='ocrx_word' id='word_1_344' title='bbox 847 3981 970 4045; x_wconf 87' lang='lat' dir='ltr'>fabulas</span> <span class='ocrx_word' id='word_1_345' title='bbox 997 3982 1240 4061; x_wconf 85' lang='lat' dir='ltr'>contaminatas,</span> <span class='ocrx_word' id='word_1_346' title='bbox 1274 3999 1308 4044; x_wconf 91' lang='lat' dir='ltr'>se</span> <span class='ocrx_word' id='word_1_347' title='bbox 1330 3981 1378 4042; x_wconf 92' lang='lat' dir='ltr'>in·</span> 
     </span>
     <span class='ocr_line' id='line_1_42' title="bbox 205 4067 1379 4153; baseline 0.001 -22"><span class='ocrx_word' id='word_1_348' title='bbox 205 4069 352 4152; x_wconf 89' lang='lat' dir='ltr'>tellegere</span> <span class='ocrx_word' id='word_1_349' title='bbox 375 4067 541 4153; x_wconf 88' lang='lat' dir='ltr'>prologum</span> <span class='ocrx_word' id='word_1_350' title='bbox 565 4070 625 4134; x_wconf 90' lang='lat' dir='ltr'>sibi</span> <span class='ocrx_word' id='word_1_351' title='bbox 648 4071 850 4134; x_wconf 91' lang='lat' dir='ltr'>scribendum</span> <span class='ocrx_word' id='word_1_352' title='bbox 876 4089 952 4151; x_wconf 86' lang='lat' dir='ltr'>esse,</span> <span class='ocrx_word' id='word_1_353' title='bbox 985 4090 1047 4152; x_wconf 94' lang='lat' dir='ltr'>quo</span> <span class='ocrx_word' id='word_1_354' title='bbox 1079 4088 1113 4132; x_wconf 91' lang='lat' dir='ltr'>se</span> <span class='ocrx_word' id='word_1_355' title='bbox 1136 4069 1317 4133; x_wconf 85' lang='lat' dir='ltr'>defenderet</span> <span class='ocrx_word' id='word_1_356' title='bbox 1340 4070 1379 4133; x_wconf 91' lang='lat' dir='ltr'>ad</span> 
     </span>
     <span class='ocr_line' id='line_1_43' title="bbox 205 4156 1380 4244; baseline 0.001 -23"><span class='ocrx_word' id='word_1_357' title='bbox 205 4156 373 4240; x_wconf 87' lang='lat' dir='ltr'>Naevium,</span> <span class='ocrx_word' id='word_1_358' title='bbox 409 4158 569 4241; x_wconf 89' lang='lat' dir='ltr'>Plautum,</span> <span class='ocrx_word' id='word_1_359' title='bbox 603 4159 743 4223; x_wconf 80' lang='lat' dir='ltr'>Ennium</span> <span class='ocrx_word' id='word_1_360' title='bbox 776 4178 959 4244; x_wconf 90' lang='lat' dir='ltr'>provocans.</span> <span class='ocrx_word' id='word_1_361' title='bbox 1016 4157 1161 4241; x_wconf 88' lang='lat' dir='ltr'>Denique</span> <span class='ocrx_word' id='word_1_362' title='bbox 1200 4158 1315 4222; x_wconf 89' lang='lat' dir='ltr'>blande</span> <span class='ocrx_word' id='word_1_363' title='bbox 1349 4164 1380 4222; x_wconf 93' lang='lat' dir='ltr'>et</span> 
     </span>
     <span class='ocr_line' id='line_1_44' title="bbox 205 4247 1404 4334; baseline 0.001 -24"><span class='ocrx_word' id='word_1_364' title='bbox 205 4247 295 4310; x_wconf 90' lang='lat' dir='ltr'>docte</span> <span class='ocrx_word' id='word_1_365' title='bbox 318 4255 408 4334; x_wconf 88' lang='lat' dir='ltr'>rogat</span> <span class='ocrx_word' id='word_1_366' title='bbox 431 4253 628 4334; x_wconf 88' lang='lat' dir='ltr'>spectatores,</span> <span class='ocrx_word' id='word_1_367' title='bbox 652 4254 688 4311; x_wconf 93' lang='lat' dir='ltr'>ut</span> <span class='ocrx_word' id='word_1_368' title='bbox 709 4250 843 4330; x_wconf 86' lang='lat' dir='ltr'>faveant,</span> <span class='ocrx_word' id='word_1_369' title='bbox 867 4249 971 4312; x_wconf 92' lang='lat' dir='ltr'>adsint</span> <span class='ocrx_word' id='word_1_370' title='bbox 995 4266 1099 4332; x_wconf 89' lang='lat' dir='ltr'>aequo</span> <span class='ocrx_word' id='word_1_371' title='bbox 1115 4247 1222 4310; x_wconf 92' lang='lat' dir='ltr'>animo</span> <span class='ocrx_word' id='word_1_372' title='bbox 1241 4252 1272 4311; x_wconf 90' lang='lat' dir='ltr'>et</span> <span class='ocrx_word' id='word_1_373' title='bbox 1289 4247 1404 4311; x_wconf 89' lang='lat' dir='ltr'>illam·</span> 
     </span>
    </p>
   </div>
   <div class='ocr_carea' id='block_1_5' title="bbox 0 0 1644 5048">
    <p class='ocr_par' dir='ltr' id='par_1_11' title="bbox 0 0 1644 5048">
     <span class='ocr_line' id='line_1_45' title="bbox 0 0 1644 5048; baseline 0 0"><span class='ocrx_word' id='word_1_374' title='bbox 0 0 1644 5048; x_wconf 95' lang='lat' dir='ltr'> </span> 
     </span>
    </p>
   </div>
  </div>
 </body>
</html>
