3280 5048
694 326 912 388 ..46-

208 504 367 586 Ι26621Ιί66
389 503 596 588 explicantur.
641 502 711 570 Hoc
733 505 831 587 igitur
852 505 1052 586 gravissimo,
1084 509 1121 568 ut
1143 506 1263 588 opinor
1295 525 1389 588 argu·

218 600 325 658 mento
343 594 481 658 dilucide
500 594 708 658 demonstrari
726 595 803 657 viris
822 593 921 658 doctis
939 594 1033 677 plane
1051 597 1205 659 assentior
1223 591 1456 678 prologum

219 683 258 748 ad
290 684 494 767 posteriorem
525 683 681 747 actionem
713 688 861 766 spectare.
916 681 1029 766 Neque
1061 685 1232 767 quicquam
1267 685 1297 747 ei
1328 685 1389 746 viri

219 773 312 856 docti,
335 773 390 857 qui
414 772 452 837 ab
476 773 574 836 altera
595 777 685 857 parte
706 777 799 854 stant,
823 774 881 836 etsi
899 773 1128 836 studiosissime
1150 791 1276 858 operam
1297 773 1389 837 dode·

96 901 111 950 ,-
218 868 302 944 runt,
324 863 524 944 invenerunt,
548 881 611 945 quo
635 862 693 924 hae
716 859 915 925 difficultates
938 880 1048 926 omnes
1071 862 1264 926 tollerentur.
1303 860 1389 938 Quo·

218 971 289 1016 rum
312 953 504 1014 innumero
532 948 698 1031 Dziauko,
731 969 794 1034 quo
827 955 917 1034 pacto
948 952 1050 1035 iniqui
1083 949 1242 1016 Andriam
1274 970 1389 1035 cogno·

218 1041 334 1114 verint,
370 1041 457 1104 varie
487 1058 579 1124 posse
611 1039 763 1123 explicari
794 1041 829 1102 in
859 1041 1046 1104 universum
1077 1043 1179 1125 primo
1212 1041 1387 1122 dixerat,²¹)

219 1130 332 1194 deinde
368 1151 386 1193 a
420 1128 579 1212 Wagnero
587 1131 625 1208 22)
664 1130 830 1208 invitatus
871 1129 988 1212 quibus
1023 1128 1198 1194 rubonibus
1229 1131 1289 1193 hoc
1319 1128 1388 1194 fieri

217 1222 385 1303 potuisset,
416 1219 600 1301 singillatim
630 1219 778 1302 exposuit
810 1218 958 1302 deditque
991 1220 1066 1283 satis
1097 1218 1219 1303 largam
1252 1219 1388 1302 eligendi

218 1309 391 1391 copiam.²⁴)
449 1304 537 1383 Quae
576 1309 682 1371 omnia
718 1326 790 1370 cum
830 1314 913 1372 recte
947 1307 1099 1372 refutasse
1133 1309 1210 1371 mihi
1244 1308 1390 1372 videatur

219 1395 395 1461 Karstenus
418 1394 698 1483 (1.6.6.ρ.188)9)3
721 1396 866 1480 equidem
883 1396 942 1460 hao
961 1398 1173 1482 disputatione
1191 1396 1388 1481 supersedeo.

220 1485 335 1550 Contra
357 1485 453 1551 Fabia
475 1491 565 1569 putat
587 1491 697 1570 poetae
719 1487 818 1550 veteri
835 1488 940 1570 gregis
959 1487 1086 1550 domino
1105 1493 1136 1551 et
1154 1486 1388 1570 magistratibus

219 1575 311 1640 valde
333 1576 480 1640 familiari
502 1575 630 1640 licuisse
653 1576 699 1639 illi
722 1578 873 1640 interesse
896 1576 1021 1657 achoni,
1049 1595 1130 1660 quae
1154 1575 1388 1660 magistratibus

218 1665 436 1749 praesentibus
459 1671 532 1730 ante
554 1664 714 1749 publicam
735 1664 860 1729 fabulae
879 1666 1035 1729 achonem
1055 1664 1125 1729 fieri
1147 1665 1268 1729 solebat
1285 1666 1388 1749 priva-

218 1756 283 1818 tim.
330 1753 434 1836 Certe,
465 1754 590 1818 fabulae
618 1755 776 1818 docendae
803 1773 898 1818 causa
926 1755 1005 1819 tales
1033 1757 1185 1836 actiones,
1217 1755 1328 1839 quales
1353 1755 1388 1817 in

218 1842 366 1908 Eunuchi
397 1844 526 1927 prologo
557 1849 787 1924 memorantur,
818 1850 891 1906 ante
923 1844 1063 1908 Andriae
1094 1863 1222 1928 quoque
1254 1845 1389 1927 primam

218 1935 372 1996 actionem
409 1931 710 2014 instituebantur.'⁵)
764 1931 826 1996 Sed
859 1931 974 1996 Luscio
1010 1933 1138 1998 licuisse
1169 1951 1293 2018 semper
1323 1931 1389 1996 illis

218 2024 370 2085 interesse
392 2040 434 2084 ex
452 2019 600 2084 Eunuchi
621 2020 751 2105 prologo
770 2022 900 2084 minime
918 2021 1061 2086 efficitur.
1098 2022 1210 2105 Immo,
1232 2023 1283 2086 vel
1305 2021 1388 2102 inde,

220 2111 304 2194 quod
326 2109 491 2174 Terentius
519 2111 648 2174 omnino
675 2111 771 2174 huius
803 2111 849 2174 rei
872 2111 1065 2176 mentionem
1086 2111 1161 2175 facit
1182 2113 1216 2174 in
1240 2110 1388 2176 Eunuchi

219 2198 358 2282 prologo,
390 2205 519 2284 apparet
549 2200 609 2263 hoc
640 2198 679 2262 ab
708 2218 770 2262 usu
793 2204 825 2262 62
847 2199 1075 2264 consuetudine
1097 2219 1227 2284 prorsus
1250 2200 1388 2264 alienum

218 2289 367 2371 fuisse.²⁶)
413 2291 458 2352 nt
490 2289 666 2353 interfuerit
688 2287 830 2372 Luscius,
863 2307 903 2352 ne
934 2307 972 2352 ea
1004 2290 1132 2373 quidem
1163 2308 1199 2353 re
1229 2289 1271 2371 id,
1303 2289 1389 2373 quod

218 2377 315 2442 Eabia
337 2379 447 2462 voluit,
469 2377 634 2464 probabile
651 2378 719 2442 fiet:
745 2379 861 2442 etenim
880 2379 939 2442 hoc
959 2379 986 2442 si
1004 2378 1123 2443 factum
1142 2384 1232 2459 esset,
1255 2376 1389 2442 Luscius

218 2469 305 2532 solus
327 2467 464 2532 fabulam
489 2470 695 2551 cognovisset,
718 2487 780 2531 non
805 2468 949 2552 populus.
985 2465 1107 2532 Deinde
1125 2467 1239 2532 Luscio
1259 2468 1389 2532 minime

217 2557 345 2622 licuisse
373 2576 483 2622 omnes
504 2556 639 2641 fabulae,
668 2561 747 2640 quas
769 2557 938 2621 histriones
960 2558 1062 2620 acturi
1084 2562 1189 2636 erant,
1217 2557 1387 2640 ,inspicere‘

219 2648 294 2710 satis
322 2645 425 2710 elucet
452 2665 493 2710 ex
520 2647 598 2729 ipsis
625 2645 743 2725 uerbis,
772 2645 888 2728 quibus
916 2650 1007 2729 poeta
1029 2647 1063 2709 in
1087 2645 1236 2710 Eunuchi
1258 2647 1388 2730 prologo

220 2736 327 2798 utitur.
377 2732 463 2798 Dicit
489 2735 573 2798 enim
602 2734 679 2797 haec
711 2735 752 2814 (v.
777 2735 843 2816 20):
878 2739 1061 2818 „postquam
1091 2735 1207 2799 aediles
1236 2740 1389 2816 emerunt,

219 2823 385 2888 Perfecit
416 2823 476 2886 sibi
508 2828 544 2886 ut
566 2823 758 2905 inspiciundi
781 2827 863 2888 esset
886 2824 1001 2906 copia“.
1046 2822 1168 2908 Nempe
1189 2823 1287 2888 verbo
1311 2843 1388 2908 ‚per-

218 2913 299 2982 fecit‘
336 2913 495 2976 indicatur
532 2911 638 2976 labore
676 2931 791 2995 magno
828 2931 1007 2996 magnaque
1041 2931 1135 2997 opera
1169 2933 1249 2998 opus
1282 2913 1388 2977 fuisse.

220 3000 431 3078 Quamobrem
449 3000 593 3066 Donatus
616 3008 699 3066 recte
717 3002 756 3065 ad
776 3003 860 3065 huno
878 3004 982 3066 locum
1001 3002 1142 3066 adnotat:
1168 3004 1273 3084 „mira
1298 3003 1388 3087 quasi

219 3091 346 3156 difficile
365 3098 396 3156 et
413 3092 628 3174 illicitum‘t27)
663 3090 712 3155 Ne
729 3092 762 3155 id
781 3091 910 3175 quidem
925 3092 1095 3156 verisimile
1114 3097 1169 3173 est,
1188 3093 1274 3175 quod
1293 3091 1389 3155 Eabia

218 3183 237 3245 l.
254 3202 278 3247 s.
293 3203 317 3246 s.
333 3183 451 3263 statuit,
473 3181 652 3245 Terentium
676 3183 780 3265 ipsum
801 3181 840 3245 de
857 3180 964 3244 fabula
982 3200 1040 3244 sua
1059 3200 1101 3246 ex
1119 3180 1242 3244 duabus
1261 3179 1389 3244 Graecis

218 3272 389 3334 commixta
414 3291 520 3335 coram
543 3273 601 3351 eis,
630 3271 685 3353 qui
708 3290 781 3334 oum
805 3269 919 3334 Luscio
942 3271 1171 3335 consuetudine
1194 3275 1289 3354 atque
1311 3270 1388 3334 ami·

308 3481 448 3622 3
485 3480 687 3606 <stu
703 3479 765 3606 33·
782 3483 832 3606 3

308 3596 427 3694 ²⁴)Mds.
446 3569 533 3678 udde.
552 3553 612 3678 ξιον
631 3552 694 3678 did
715 3569 850 3692 (18d5)p.
870 3625 922 3679 579
940 3639 989 3692 sq,
1014 3624 1058 3678 oui
1076 3624 1254 3678 vehementer
1271 3623 1387 3692 adstipu-

217 3697 288 3751 latur
305 3696 534 3751 Paealelmannus
552 3694 570 3750 l.
583 3711 604 3750 s.
618 3710 639 3749 a.
651 3713 678 3763 p.
694 3697 726 3750 13
739 3711 778 3763 sq.
794 3725 826 3734 -
839 3695 940 3750 Eodem
950 3696 1027 3749 modo
1037 3697 1069 3748 A.
1080 3695 1200 3750 Graiicld
1210 3694 1227 3748 l.
1240 3710 1261 3748 s.
1275 3711 1296 3748 s.
1308 3712 1334 3763 p.
1344 3693 1387 3748 25.

308 3768 416 3833 22)Η6ιι
443 3769 476 3821 de
505 3783 535 3822 re
555 3771 629 3826 recte,
646 3766 809 3820 Ritschelius
834 3766 864 3819 in
888 3765 996 3848 Pararg.
1015 3767 1029 3820 Ι
1053 3766 1151 3850 pum
1169 3783 1208 3850 sq.
1232 3767 1388 3850 (Perpetem

217 3840 436 4012 ὥῖξιθῖὃῗιῶρ
426 3838 524 3966 hbrssup9
523 3837 633 3893 miscell
666 3855 691 3907 p.
723 3839 841 3904 76)-
872 3837 1002 3893 lhbbeck:
1039 3838 1108 3906 „Die
1140 3839 1216 3892 Rbm.
1243 3837 1388 3907 Pragodud‘

308 3981 331 4012 20

309 3981 664 4118 'dEfanldddrrmvddrovddlblatl
668 3981 845 4121 ,derliddu
838 4051 865 4104 in
885 4051 952 4105 Hoc
971 4051 1029 4119 prol
1048 4051 1076 4105 11
1094 4052 1187 4105 v.12·
1215 4051 1390 4119 „Perfecint

217 4126 429 4193 spectarentur,
455 4125 487 4178 ad
513 4140 592 4194 quem
610 4123 699 4178 locum
717 4123 837 4177 Donatus
856 4122 941 4175 addit:
969 4124 1112 4190 ,Mettende
1139 4090 1268 4191 quandum
1286 4122 1389 4191 pondus

217 4196 421 4321 pptlpplapgrepuod
444 4212 497 4249 non
526 4196 596 4263 ,teci
622 4195 697 4258 dixit,
720 4195 767 4248 sed
786 4194 874 4262 potius
900 4194 1029 4261 perfeci,
1056 4196 1087 4246 ut
1075 4193 1201 4247 tmolem
1221 4191 1389 4248 difficultatis
