3280 5048
771 332 991 396 ...32-

297 511 362 574 ianr
384 513 476 574 antea
497 530 517 573 a
538 508 682 574 Terentio
705 510 819 574 emtsse
841 527 1033 595 gregemque
1055 510 1251 576 docuisseet
1272 516 1475 596 exspectasse

297 599 391 663 ludos
409 598 534 683 aliquos
552 600 721 681 scaenicos,
740 598 859 683 quibus
876 597 1016 663 fabulam
1032 618 1147 664 novam
1167 617 1260 684 agere
1279 599 1340 665 sibi
1356 601 1474 668 liceret.

298 687 458 770 Hecyram
491 693 611 771 autem,
643 706 739 773 quam
774 689 918 771 quinque
949 690 1041 753 aunis
1073 694 1147 753 ante
1178 709 1253 754 curn
1285 709 1380 774 grege
1414 711 1474 757 suo

298 783 413 861 egerat,
436 778 541 842 denuo
564 779 702 843 ediscere
724 785 809 842 certe
830 796 895 841 non
919 776 1047 842 difficile
1069 783 1144 842 erat

386 865 428 931 H.
452 865 568 931 Contra
599 866 781 932 Terentium
810 865 971 949 Hecyram
1002 866 1065 932 alio
1096 871 1189 952 pecto
1220 867 1400 934 vendidisse
1432 889 1475 936 ex

298 957 399 1041 ipsius
421 961 531 1040 poetae
549 955 654 1020 verbis
677 961 806 1040 apparet
828 955 916 1040 (prol.
938 955 955 1020 Ι
977 975 1007 1020 v.
1031 955 1138 1041 6sq.):

458 1043 519 1129 „lit
540 1047 568 1109 is
592 1046 650 1129 qui
672 1046 797 1130 scripsit
819 1045 901 1109 hanc
924 1045 964 1109 ob
983 1065 1052 1110 eam
1075 1065 1143 1110 rem
1165 1045 1269 1110 noluIt

460 1134 582 1198 Iterum
604 1134 731 1216 referre,
752 1138 790 1198 ut
811 1136 927 1199 iterum
950 1141 1056 1219 posset
1078 1135 1241 1200 venderet

299 1225 337 1288 In
360 1228 470 1308 poetae
492 1225 590 1308 igitur
612 1228 765 1309 potestate
788 1223 867 1307 fuit,
890 1229 998 1288 utrum
1020 1223 1162 1288 fabulam
1182 1224 1311 1290 iteraret
1333 1246 1374 1290 an
1399 1229 1473 1293 reti-

174 1321 179 1329 '
298 1318 396 1378 neret.
443 1309 566 1388 Quibus
590 1313 829 1378 condicionibus
856 1318 948 1398 poeta
970 1310 1056 1377 hunc
1079 1318 1274 1379 contractum
1299 1335 1371 1380 cum
1395 1319 1474 1380 Am-

299 1402 384 1467 bivio
407 1402 524 1486 fecerit,
547 1404 715 1468 nescimus.
747 1401 931 1487 Complures
954 1409 1060 1468 autem
1085 1403 1171 1468 modi
1195 1406 1340 1489 usurpari
1361 1409 1473 1488 potue-

298 1497 388 1557 runt:

391 1582 419 1646 1.
442 1582 588 1647 Primum
610 1583 742 1666 cogitari
764 1586 867 1666 potest
888 1599 955 1646 rem
983 1582 1028 1645 ite
1060 1599 1095 1646 se
1127 1581 1288 1664 habuisse,
1319 1588 1357 1648 ut
1389 1589 1476 1649 actor

278 1673 379 1736 nihil
402 1693 421 1736 a
443 1676 535 1756 poeta
558 1675 675 1735 emeret
697 1672 759 1735 nisi
786 1672 839 1736 ius
866 1672 986 1756 primae
1009 1672 1150 1736 actionis.
1196 1669 1288 1748 Quod
1311 1674 1338 1737 si
1361 1691 1474 1738 rerum

301 1768 356 1845 est,
368 1761 494 1826 duobus
506 1760 608 1825 modIs
627 1761 758 1844 cogitari
769 1766 872 1845 potest
886 1778 953 1825 rem
973 1765 1075 1826 actam
1092 1760 1191 1824 fuisse
1208 1762 1291 1825 inter
1310 1762 1476 1827 dominum

300 1853 405 1935 gregis
428 1856 460 1916 et
482 1854 619 1934 poetam:
651 1851 791 1934 primum
819 1855 956 1914 actorem
973 1855 1102 1938 ,cenum
1125 1851 1263 1934 pretium
1285 1857 1379 1916 antea
1401 1871 1474 1916 con·

301 1941 448 2005 stitutum
471 1943 526 2002 eut
548 1940 654 2002 statim
677 1937 734 2003 aut
756 1943 827 2023 post
841 1941 974 2024 primam
995 1941 1151 2005 actionem
1175 1940 1315 2023 solvisse,
1337 1941 1371 2004 id
1391 1943 1477 2026 quod

301 2049 372 2093 meo
396 2029 526 2114 quidem
548 2029 666 2092 iud-icio
689 2029 776 2091 οωηί
791 2027 1011 2112 probabilitate
1029 2034 1121 2093 caret.
1160 2027 1284 2092 Etenim
1304 2029 1364 2094 hoc
1383 2035 1477 2114 pacto

301 2124 388 2183 actor
410 2116 551 2182 fabulam
573 2118 664 2201 emit,
695 2136 737 2181 ex
761 2137 824 2201 qua
847 2121 970 2182 essetne
992 2117 1137 2183 facturus
1168 2119 1303 2202 lucrum,
1337 2121 1479 2184 maxime
1530 2135 1533 2139 ·

303 2212 369 2273 erat
391 2206 533 2272 dubium.
579 2207 732 2271 Accidere
755 2208 839 2271 enim
863 2211 993 2292 poterat,
1016 2214 1052 2272 ut
1075 2209 1152 2272 haec
1174 2207 1281 2272 fabula
1303 2206 1342 2273 ab
1366 2207 1477 2272 aedili·
1502 2230 1505 2234 ’
1609 2283 1612 2290 ¹

302 2298 363 2362 bus
386 2301 443 2362 aut
465 2298 594 2362 omnino
617 2297 846 2382 repudiaretur,
868 2299 912 2361 ita
935 2301 972 2362 ut
989 2302 1076 2362 actor
1097 2296 1236 2362 fabulam
1256 2317 1314 2362 suo
1335 2295 1476 2382 periculo

302 2389 434 2472 suisque
456 2388 608 2472 impensis
631 2405 723 2471 agere
745 2391 918 2470 cogeretur,
942 2406 1006 2471 qua
1028 2388 1062 2451 in
1085 2406 1120 2451 re
1141 2387 1234 2451 facile
1255 2385 1325 2451 fieri
1346 2391 1478 2471 poterat,

302 2483 339 2542 ut
361 2477 516 2542 damnum
538 2478 706 2561 acciperet,
741 2481 796 2540 eut
818 2477 892 2540 ltcet
922 2476 1019 2546 fuerit
1042 2481 1159 2560 empta,
1191 2482 1296 2539 tamen
1320 2477 1347 2540 si
1369 2475 1477 2540 fabula

303 2565 459 2633 aedilibus
482 2586 546 2630 non
568 2583 759 2649 magnopere
781 2565 923 2650 placebat
952 2565 1089 2651 ideoque
1111 2585 1209 2650 parvo
1231 2570 1356 2629 tantum
1377 2565 1478 2650 pretio

304 2657 400 2740 digna
423 2655 607 2737 habebatur,
639 2673 738 2738 paene
771 2655 897 2718 nullum
930 2656 1056 2720 luorum
1084 2656 1182 2719 actori
1204 2654 1320 2721 afferet.
1365 2653 1478 2738 Neque

303 2764 379 2810 vero
404 2745 551 2808 domiuus
573 2745 688 2828 gregis,
717 2749 791 2806 cum
813 2742 953 2808 fabulam
976 2745 1090 2810 iterare
1114 2746 1142 2808 ei
1164 2762 1229 2806 uon
1254 2745 1370 2826 liceret,
1397 2742 1477 2807 illud

305 2837 458 2900 damnum
481 2833 610 2897 reficere
631 2836 761 2917 poterat

393 2922 518 2987 Deinde
539 2925 644 3007 potuit
666 2923 835 2988 convenire
866 2923 950 2987 inter
976 2927 1101 3007 poetam
1124 2927 1155 2986 et
1178 2922 1343 2986 dominum
1365 2922 1478 3006 gregis,

305 3019 341 3079 ut
363 3018 455 3100 poeta
471 3017 647 3095 etcertum,
671 3014 817 3097 quamvis
831 3033 975 3098 parvum,
997 3014 1135 3097 pretium
1154 3018 1186 3076 et
1200 3012 1340 3096 adquam
1357 3015 1478 3097 partem

304 3107 373 3170 eius
396 3103 487 3186 lucri,
510 3103 595 3188 quod
619 3107 705 3166 actor
728 3107 877 3187 capturus
895 3107 989 3185 esset,
1012 3103 1215 3187 acciperet⁸⁴)
1259 3103 1358 3164 Actor
1379 3101 1478 3183 igitur

210 3223 212 3226 ·
305 3215 369 3258 uon
395 3213 545 3279 magnum
568 3193 746 3277 periculum
771 3196 963 3277 susceperat,
997 3211 1070 3256 oum
1101 3211 1236 3276 parvum
1258 3190 1392 3274 pretium
1417 3187 1478 3250 sol-

305 3285 416 3360 visset;
440 3287 531 3367 poeta
553 3287 661 3346 autem
685 3287 853 3346 contentus
875 3286 942 3346 erat
964 3285 995 3346 ct
1016 3281 1072 3364 illo
1095 3300 1192 3366 parvo
1216 3279 1314 3365 pretio
1338 3281 1369 3339 et
1392 3274 1496 3358 quod·

305 3372 447 3437 fabulam
470 3373 600 3436 omnino
623 3371 816 3436 vendiderat.

396 3463 427 3544 2)
451 3461 513 3526 Sed
536 3461 598 3524 alia
622 3480 750 3546 quoque
773 3462 895 3525 ratione
923 3464 1104 3525 contractus
1127 3459 1230 3545 potuit
1254 3456 1338 3520 iniri.
1383 3453 1482 3516 Poeta

306 3553 391 3617 enim
423 3549 566 3615 fabulam
601 3569 691 3614 suam
724 3551 821 3617 actori
851 3550 1050 3615 vendendam
1079 3550 1208 3613 tradidit
1230 3565 1267 3611 ea
1290 3543 1483 3623 condicione,

203 3665 205 3668 ·
307 3647 345 3705 ut
368 3647 454 3704 actor
477 3643 533 3704 aut
555 3639 695 3704 icbulam
719 3639 874 3704 aedilibus
896 3641 1047 3704 venderet
1070 3643 1101 3703 et
1124 3639 1249 3702 doceret
1272 3639 1340 3716 aut,
1373 3633 1401 3696 si
1422 3630 1483 3694 hoc

306 3751 372 3794 non
411 3731 620 3814 contingeret,
656 3737 767 3814 poetae
807 3730 959 3794 redderet.
1019 3727 1140 3792 Fabula
1176 3726 1274 3809 igItur
1308 3722 1347 3786 eb
1379 3724 1484 3784 actore

308 3818 548 3901 aestimabatur,
580 3825 612 3883 ct
642 3820 703 3884 hoo
736 3820 874 3904 pretium
910 3822 965 3882 aut
996 3821 1102 3882 totum
1135 3820 1192 3880 aut
1214 3833 1256 3878 ex
1279 3816 1369 3896 parte
1391 3809 1485 3874 certis
1618 3825 1619 3834 ¹

398 3994 431 4064 ⁶⁴)
451 3996 558 4051 Etenim
576 3995 635 4050 iure
655 3995 726 4050 civili
744 3995 861 4064 pretium
880 3995 984 4050 certum
1003 4010 1063 4050 esse
1081 3991 1203 4057 debebat,
1223 3989 1274 4045 etsi
1292 3986 1413 4042 numeris
1430 3999 1487 4039 non

310 4067 484 4123 consfitutum
503 4069 569 4122 erat.
589 4068 624 4122 ct.
643 4068 702 4138 Dig.
722 4065 819 4122 XVIII
839 4068 852 4120 1
872 4065 890 4120 l.
910 4069 924 4121 7
945 4067 961 4134 ἕ
982 4069 1006 4121 1.
1035 4095 1068 4106 -
1096 4064 1193 4133 Neque
1221 4061 1310 4114 minus
1334 4057 1488 4138 contractus

308 4138 422 4207 valebat,
446 4139 470 4193 si
488 4139 603 4209 pretium
622 4139 645 4192 si
663 4156 717 4193 non
736 4140 834 4206 totum,
863 4139 980 4193 attamen
1002 4138 1130 4207 exparte
1149 4135 1254 4189 certum
1274 4132 1344 4199 crat3
1372 4129 1407 4184 of.
1426 4127 1486 4195 Drg.

308 4209 439 4265 XVIIII
464 4209 516 4265 li
542 4209 665 4278 §a-
689 4212 724 4264 ct.
744 4209 919 4264 Wiudscheid
941 4209 959 4263 l.
984 4225 1005 4264 s.
1030 4225 1051 4262 s.
1070 4208 1118 4262 ⁸11
1141 4223 1166 4276 p.
1186 4204 1303 4274 5882591
1328 4204 1354 4272 (ξ
1371 4199 1435 4268 386)
1460 4201 1489 4251 et

310 4281 472 4352 Dernburg⁸
489 4282 517 4336 11
535 4299 560 4351 p.
581 4281 642 4338 258.
