3280 5048
697 336 917 400 -61-

351 515 520 603 „Simplex,
550 537 631 602 quae
654 537 696 582 ex
723 524 909 602 argumento
930 519 1012 584 facta
1034 523 1082 584 est
1104 518 1264 606 simplicit

310 606 378 671 Nec
401 626 513 672 sensus
537 625 645 672 versos
665 612 712 672 est
734 608 905 673 obscurus:
930 608 1324 690 „Heautontimorumenos
1346 613 1394 674 est

220 716 291 786 una
317 695 438 779 fabula,
470 716 512 761 ex
533 717 599 762 una
623 696 742 762 Graeca
764 697 864 762 iacta“
896 698 926 763 h.
950 717 975 763 e.
998 698 1107 763 fabula
1128 703 1262 764 estnon
1285 703 1393 764 conta·

220 787 350 852 minata.

310 873 380 939 Hac
397 875 533 939 lectione
549 875 680 960 probata
699 895 762 939 non
782 876 875 940 modo
894 894 940 960 ea,
958 895 1055 961 qnam
1073 875 1135 941 Leo
1154 878 1272 958 statuit,
1290 875 1395 960 figura

221 965 375 1028 rhetorica
393 965 487 1050 plane
505 971 657 1049 servatur,
681 965 846 1030 sedetiam
861 985 973 1031 versus
989 966 1094 1030 versui
1118 971 1230 1050 quarto
1253 967 1393 1030 maxime

220 1055 405 1138 respondet:
570 1131 575 1141 ¹

341 1209 342 1214 ,
402 1143 459 1207 Hx
481 1145 636 1228 integra
659 1143 802 1208 Graeca
825 1145 1014 1229 integram
1036 1143 1267 1208 comoediam

350 1234 379 1296 5.
402 1232 508 1298 Hodie
529 1253 601 1298 snm
624 1238 753 1298 acturus
775 1233 1167 1316 Heautontimorumenos,

402 1321 573 1408 Simplex
595 1327 685 1407 quae
700 1342 751 1386 ex
773 1327 995 1408 argumento
1017 1322 1099 1386 facta
1127 1329 1175 1387 est
1196 1320 1392 1407 simplioi.“

285 1471 289 1477 .
310 1410 455 1496 Utroque
477 1414 576 1497 igitur
597 1431 693 1478 rersu
716 1413 801 1476 idem
818 1411 951 1476 verbum
970 1420 1062 1495 poeta
1080 1411 1129 1476 bis
1152 1423 1304 1495 usurpat:
1329 1411 1392 1475 v.6
1472 1467 1473 1472 ,

221 1500 359 1564 ostendit
388 1501 530 1565 fabulam
565 1520 681 1566 novam
720 1520 788 1566 esse
820 1502 927 1565 dicens
959 1500 1098 1564 fabulam
1134 1505 1165 1564 et
1198 1520 1240 1564 ex
1271 1502 1393 1584 integra

222 1587 342 1652 Graeca
373 1595 405 1653 et
435 1592 537 1675 ipsam
565 1593 721 1676 integram
753 1609 834 1672 esse;
871 1610 901 1655 v.
931 1589 950 1652 6
986 1595 1091 1654 autem
1125 1594 1219 1674 negat
1252 1589 1392 1654 fabulam
1480 1673 1482 1678 Ι

153 1698 156 1702 ·
222 1679 466 1744 contaminatam
491 1699 572 1763 esse,
607 1699 671 1765 quo
694 1681 771 1762 loco,
803 1679 862 1743 etsi
885 1698 948 1743 non
973 1679 1185 1743 necessarium
1209 1684 1392 1760 esttamen

222 1785 330 1832 vocem
355 1769 507 1854 ,simplex‘
530 1769 579 1834 bis
601 1771 690 1854 ponit
704 1788 787 1833 cum
813 1768 987 1854 figuraest
1010 1769 1196 1833 elocutionis
1218 1769 1393 1832 venustatis

222 1876 332 1938 causa,
364 1862 432 1922 tum
467 1864 504 1923 ut
534 1878 662 1923 versum
684 1877 795 1923 versus
819 1859 1031 1936 antecedentis
1054 1858 1251 1922 simillimum
1274 1857 1392 1925 reddat.

220 1944 602 2013 Heautontimorumenon
633 1967 707 2013 vero
734 1950 979 2012 contaminatam
1013 1967 1077 2011 non
1113 1965 1181 2012 esse
1214 1947 1299 2010 haud
1327 1948 1392 2010 scio

220 2036 325 2100 an'ob
349 2055 417 2100 eam
442 2056 510 2102 rem
532 2037 797 2102 verisimillimum
821 2038 871 2118 sit,
895 2037 978 2122 quod
1004 2038 1151 2121 quamvis
1174 2037 1313 2101 studiose
1331 2037 1392 2100 viri

221 2125 304 2189 docti
332 2145 460 2210 operam
489 2127 645 2208 dederint,
679 2127 799 2190 nemini
831 2126 935 2190 adhuc
967 2123 1154 2213 contigit,‘⁹)
1186 2130 1222 2189 ut
1251 2123 1391 2190 fabulam

220 2216 464 2279 contaminatam
507 2234 575 2281 esse
616 2217 755 2300 apposite
793 2215 833 2279 ad
870 2215 1124 2300 persuadendum
1164 2215 1393 2292 demonstraret

134 2355 137 2360 .
221 2303 271 2386 (cf.
295 2303 499 2368 Skutschium
522 2304 543 2368 l.
566 2324 590 2368 s.
613 2323 637 2368 s.
660 2325 689 2388 p.
714 2305 753 2386 8).
1378 2339 1380 2346 ν

309 2391 457 2478 Denique
489 2393 647 2478 quomodo
682 2393 828 2457 codicum
860 2395 1015 2478 scriptura
1047 2399 1115 2458 orta
1152 2394 1206 2471 sit,
1241 2391 1391 2457 facillime

222 2481 384 2565 explanari
421 2487 535 2566 potest,
575 2482 652 2546 dum
684 2482 778 2546 modo
810 2482 866 2547 ilia
904 2481 1021 2547 Donati
1059 2488 1090 2547 et
1124 2481 1263 2546 Euantbi
1294 2481 1391 2547 verba

219 2568 274 2651 (cf.
297 2590 392 2655 sopra
418 2592 448 2657 p.
472 2573 527 2652 58)
559 2572 806 2637 meminerimus.
864 2571 1096 2638 Grammaticus
1132 2573 1217 2635 enim
1252 2571 1391 2658 quidam,

222 2660 277 2741 qui
304 2659 686 2726 Heautontimorumenon
722 2661 830 2725 eodem
865 2661 959 2725 modo
991 2668 1086 2747 atque
1120 2666 1239 2725 ceteras
1265 2659 1391 2726 Terenti

220 2746 342 2813 fabulas
365 2749 492 2834 Hecyra
515 2756 647 2835 excepta
670 2769 733 2814 non
757 2751 909 2834 simplicis
932 2752 1109 2834 argumenti
1132 2769 1210 2833 esse,
1232 2751 1287 2814 sed
1310 2751 1390 2815 duos

194 2855 325 2913 ¹senes,
357 2840 436 2904 duos
470 2840 686 2905 adulescentes
718 2839 869 2924 praebere
901 2840 1123 2921 intellexisset,
1158 2841 1242 2904 buno
1268 2840 1391 2925 prologi

221 2943 359 3009 versum,
381 2932 417 2991 ut
439 2948 512 2993 cum
535 2930 635 3014 ipsius
658 2930 814 2993 sententia
843 2931 1034 3011 conveniret,
1061 2931 1234 2993 mutavisse
1255 2930 1390 2997 ridetur.

220 3012 306 3077 lllud
338 3035 465 3100 quoque
492 3018 576 3082 baud
599 3018 663 3082 scio
698 3037 738 3082 an
768 3019 855 3083 credi
887 3020 984 3102 possit
1010 3019 1231 3102 grammaticos
1258 3036 1300 3080 ex
1329 3018 1390 3083 hoc

220 3121 331 3186 versu,
348 3123 445 3281 )quae
467 3106 507 3170 de
529 3106 708 3192 duplicibus
736 3109 932 3192 argumentis
960 3107 1138 3188 edocerent,
1168 3111 1285 3170 temere
1308 3107 1389 3171 deri·

218 3195 367 3261 vassall.
675 3217 676 3220 ¹
1246 3229 1248 3234 ·

309 3368 576 3442 'DHemmanowsii
595 3372 612 3426 i.
631 3388 653 3426 s.
672 3388 693 3426 s.
713 3389 737 3442 p.
757 3365 848 3445 tane.
873 3403 905 3412 -
930 3373 1043 3427 Boetter
1059 3371 1077 3426 l.
1096 3389 1117 3426 s.
1136 3387 1157 3426 s.
1184 3401 1216 3410 —
1244 3371 1279 3425 cf.
1298 3373 1388 3426 autem

218 3438 324 3494 Fabiam
341 3439 359 3496 l.
378 3456 400 3496 s.
419 3458 440 3496 s.
463 3441 513 3498 188
531 3458 571 3512 sq.

307 3511 340 3582 ω)
359 3512 486 3569 codoum
504 3515 655 3570 auctoritati
677 3531 731 3569 non
753 3531 876 3586 magnam
895 3516 979 3569 fidem
998 3515 1123 3584 hocloco
1142 3514 1310 3569 tribuendam
1329 3531 1388 3569 esse

216 3581 261 3638 vel
280 3600 314 3637 ex
333 3599 365 3640 eo
383 3587 501 3655 apparet,
538 3587 590 3641 uod
608 3586 636 3640 in
655 3587 753 3655 optimo
766 3587 857 3642 codice
869 3587 976 3656 Aprior
987 3601 1083 3642 manus
1093 3587 1252 3641 exaraverat
1263 3585 1387 3654 ,dupiici‘‚
1454 3637 1459 3644 .

216 3652 301 3708 altera
317 3655 436 3709 correxit
454 3603 593 3726 ,simplicit
