3280 5048
731 347 952 417 ..14-

431 531 492 613 51.
519 530 568 594 bc
590 531 888 597 adversariorum
914 533 1251 600 criminationibus.

346 633 369 690 Ι.
389 632 437 692 De
456 634 744 693 contaminatione.

344 726 537 812 Priusquam
561 728 637 813 qnid
661 729 770 792 exeis
793 728 995 813 prologorum
1018 730 1104 812 locis,
1128 730 1245 815 quibus
1262 731 1427 798 Terentius

256 815 294 879 de
317 820 582 882 contaminatione
605 817 678 901 egit,
701 817 740 881 ds
763 819 873 882 ordine
890 817 1067 883 fabularum
1088 831 1245 905 appareat,
1267 824 1427 888 examine-

168 959 170 962 .
255 925 336 987 mus,
359 924 558 990 quaeramus,
580 906 607 970 si
627 905 736 990 placet,
759 925 840 990 quae
857 909 906 972 vis
925 909 967 971 sit
984 909 1125 973 subiecta
1144 911 1213 973 voci
1232 913 1428 976 contamina·

254 995 357 1061 tionis.
392 994 624 1079 Distinguenda
646 1002 762 1077 autem,
784 999 904 1081 opinor,
927 1003 1002 1061 sunt
1025 997 1102 1062 duo:
1125 999 1256 1083 etquid
1279 1002 1320 1064 sit
1343 1020 1426 1083 ,con-

254 1085 416 1148 taminare‘
444 1089 475 1148 et
503 1085 579 1169 quid
594 1083 758 1168 'significet
780 1086 1027 1168 ,contaminars‘;
1051 1089 1187 1171 primum
1211 1089 1308 1172 igitur
1331 1089 1369 1152 de
1392 1109 1426 1154 rs

148 1239 151 1244 ,
254 1174 322 1257 ipsa
344 1175 387 1257 (b.
406 1193 432 1242 e.
451 1175 528 1256 quid
550 1173 714 1238 Terentius
736 1174 853 1257 fecerit,
876 1194 972 1259 quam
995 1176 1035 1240 ob
1057 1195 1125 1240 rem
1148 1177 1250 1260 iniqui
1271 1179 1299 1241 ei
1318 1183 1425 1242 conta·

254 1265 459 1326 minationem
491 1264 616 1328 crimini
647 1263 823 1346 dederunt),
855 1264 968 1328 deinde
1001 1265 1039 1328 de
1069 1265 1162 1329 verbo
1190 1268 1424 1331 contaminandi

254 1353 388 1436 eiusque
411 1353 531 1436 origine
554 1373 591 1418 ac
613 1354 645 1415 vi
669 1353 728 1416 erit
751 1353 984 1438 disputandum.

343 1441 487 1506 Primum
509 1443 607 1526 igitur
625 1442 702 1525 quid
720 1445 762 1506 sit
784 1443 1024 1526 contaminare,
1048 1463 1111 1507 non
1131 1443 1265 1508 difficile
1278 1450 1325 1509 est
1343 1446 1424 1510 diiu-

254 1531 365 1596 dicare.
416 1529 543 1595 Etenim
576 1532 653 1616 quid
685 1530 805 1615 fecerit,
835 1530 1002 1596 Terentius
1032 1533 1100 1617 ipae
1132 1532 1358 1617 spectatoribus
1390 1536 1423 1599 in

253 1620 394 1686 Andriae
420 1621 550 1706 prologo
574 1621 613 1703 (v.
634 1622 653 1684 a
677 1623 756 1706 sqq.)
780 1627 924 1686 accurate
948 1623 1087 1706 exponit.
1133 1621 1261 1688 liatstur
1284 1625 1426 1689 enimse

253 1729 293 1774 ex
321 1709 484 1774 Perinthia
512 1729 593 1794 quas
620 1712 838 1791 convenerint,
864 1712 897 1773 in
925 1711 1095 1793 Andriam,
1121 1711 1260 1777 fabulam
1284 1714 1426 1777 eiusdem

254 1797 430 1880 Menandri,
453 1799 651 1868 transtulisse
674 1803 769 1882 atque
792 1818 887 1862 usum
910 1819 966 1883 pro
989 1801 1057 1863 suis
1079 1819 1180 1883 eoque
1202 1807 1311 1884 magis,
1340 1803 1424 1887 quod

254 1895 388 1971 utraque
411 1888 518 1952 fabula
540 1890 568 1953 si
585 1890 692 1952 minus
711 1888 820 1952 eadem
838 1890 980 1951 orations
998 1907 1034 1950 ae
1053 1887 1134 1969 stilo,
1157 1895 1293 1953 attamen
1314 1893 1424 1954 eodem

253 1983 439 2061 argumento
458 1984 547 2042 esset.
582 1977 652 2041 Hoc
671 1982 777 2042 autem
796 1977 990 2041 adversarios
1009 1977 1100 2040 valde
1115 1979 1311 2060 vituperasse
1329 1985 1424 2061 atque

254 2068 482 2148 ,contaminare‘
517 2068 723 2152 appellavisse
753 2066 918 2130 Terentius
952 2066 1046 2132 addit.
1101 2065 1180 2130 lnde
1212 2065 1356 2148 efficitur,
1388 2073 1424 2131 ut

254 2157 482 2238 ,contaminars‘
511 2158 571 2220 hoe
596 2157 667 2221 loco
694 2157 777 2220 idern
806 2157 847 2220 sit
874 2162 969 2238 atque
994 2174 1051 2237 „ex
1075 2155 1139 2219 illis
1161 2155 1285 2220 duabus
1307 2155 1423 2220 fabulis

254 2245 381 2332 Graecis
404 2266 500 2309 unam
525 2244 668 2310 Latinam
692 2245 819 2310 iaceret
933 2326 935 2331 Ι
1326 2255 1329 2262 ’

341 2334 378 2398 ld
401 2353 476 2398 vero
500 2355 599 2399 unum
624 2337 732 2419 quaeri
755 2341 865 2420 potest,
887 2340 996 2398 utrum
1018 2333 1144 2398 fabulas
1164 2332 1292 2399 Latinae
1316 2341 1421 2400 conta-

249 2425 421 2489 minatione
447 2425 548 2489 factae
575 2444 616 2488 ex
644 2425 768 2490 duabus
791 2430 915 2488 tantum
939 2424 1067 2488 Graecis
1091 2443 1132 2488 an
1156 2425 1251 2488 stiam
1274 2443 1316 2489 ex
1338 2445 1420 2490 com·

249 2515 395 2598 pluribus
418 2521 584 2579 contextae
607 2516 679 2578 sint.
724 2515 835 2579 Altera
858 2513 975 2579 Donati
996 2514 1095 2578 fuisse
1119 2513 1244 2579 videtur
1266 2517 1423 2580 sententia

250 2605 290 2668 ad
319 2605 458 2668 Andriae
484 2603 606 2688 prologi
634 2622 762 2667 versum
791 2603 831 2666 16
861 2604 1039 2667 adnotantis
1071 2604 1161 2668 baec:
1199 2606 1423 2685 „comminari

250 2713 316 2758 non
343 2693 454 2757 decere
480 2695 500 2757 i.
519 2712 545 2756 s.
568 2711 610 2756 sx
638 2693 747 2756 multis
774 2712 872 2755 unam
902 2712 967 2755 non
994 2691 1104 2757 decere
1130 2691 1258 2756 iaceret
1304 2693 1422 2757 Tamen

251 2783 338 2847 nulla
360 2781 513 2847 habemus
536 2783 568 2844 in
589 2781 725 2866 prologis
744 2791 799 2846 aut
818 2780 975 2846 Plautinis
993 2789 1048 2846 aut
1065 2781 1260 2846 Terentianis
1280 2783 1422 2863 vestigia,

250 2872 367 2956 quibus
384 2877 492 2957 poetas
510 2871 720 2955 complurium
737 2871 927 2935 Graecarum
946 2870 1126 2936 fabularum
1145 2876 1250 2956 partes
1269 2871 1421 2954 quasdam

249 2965 284 3026 in
315 2982 412 3026 unam
443 2960 584 3025 fabulam
616 2959 761 3024 Latinam
788 2959 975 3026 conflavisse
1002 2961 1244 3027 demonstretur.
1296 2959 1423 3044 Ubique

250 3052 289 3116 de
312 3051 435 3116 duabus
458 3058 582 3115 tantum
604 3051 720 3115 fabulis
744 3049 871 3116 Graecis
895 3051 990 3117 verba
1012 3049 1095 3116 fiunt
1118 3050 1169 3132 (cf.
1187 3049 1320 3133 Adelph.
1344 3051 1421 3132 prol.

250 3161 300 3205 vv.
318 3141 337 3203 6
356 3162 424 3226 sqq.
445 3180 486 3188 —
506 3141 587 3205 Eun.
606 3141 683 3225 prol.
699 3160 749 3203 vv.
767 3141 808 3204 30
828 3160 895 3226 sqq.
917 3178 958 3189 -
977 3141 1076 3205 Andr.
1091 3141 1169 3222 prol.
1184 3158 1236 3201 vv.
1254 3139 1273 3198 9
1289 3137 1421 3218 sqq.).²⁸)

252 3229 463 3305 Quamobrem
491 3229 635 3295 Donatus
662 3237 771 3294 utrum
793 3249 905 3294 verum
932 3226 1097 3293 tradiderit
1121 3243 1235 3304 necne,
1260 3224 1294 3285 in
1318 3223 1421 3286 medio

250 3320 475 3404 relinquamus
500 3319 630 3382 Minime
646 3317 885 3382 veroNeneinio
902 3319 965 3398 (la.
976 3335 999 3379 s.
1013 3314 1072 3399 p.l
1089 3315 1168 3398 sqq.)
1185 3311 1420 3376 assentiendum

251 3416 307 3491 est,
326 3411 381 3493 qui
400 3409 481 3472 hanc
500 3409 751 3470 criminationem
765 3425 829 3469 non
844 3403 885 3469 ad
901 3405 998 3469 solam
1015 3404 1239 3482 oeconomiam,
1257 3399 1420 3466 sedetiam

251 3499 290 3562 ad
318 3499 489 3563 sententias
518 3497 671 3581 quasdam
698 3496 749 3559 vel
776 3500 939 3579 praecepta
962 3494 1012 3558 vel
1036 3492 1147 3556 brsvss
1169 3491 1422 3556 narratiunculas

251 3609 269 3652 a
293 3593 449 3672 quotquot
471 3585 563 3650 libuit
587 3585 713 3649 Graecis
736 3583 850 3649 fabulis
873 3586 985 3669 petitas
1008 3584 1164 3668 pertinere
1186 3582 1342 3657 conseras

340 3675 462 3740 Deinde
473 3675 548 3760 quid
559 3673 714 3759 significet
725 3675 964 3757 ,contaminaret
974 3673 1143 3758 quaeritur.
1154 3669 1297 3735 Verbum
1308 3675 1421 3752 ,conta

251 3767 581 3848 mino‘apontamine‘
590 3765 827 3848 idqusaradics
836 3766 904 3848 ,tag‘
913 3761 1121 3827 derivandum
1131 3779 1200 3825 esse
1208 3759 1421 3841 Grausrtus²⁵i

251 3893 464 3901 ——---—-

342 3943 374 4012 11)
398 3942 494 3997 Verbis
522 3958 589 4010 qnae
616 3941 643 3994 in
671 3941 768 3995 Heaut.
796 3941 902 4010 prologo
926 3939 963 4011 (v.
988 3941 1032 4007 17)
1060 3938 1201 4005 „multas
1229 3936 1422 3990 contaminasse

252 4017 406 4081 tirasona,
425 4016 489 4068 dum
505 4014 570 4069 iacit
588 4029 706 4081 pausas
719 4013 874 4067 Latinas‘¹
894 4012 1028 4081 leguntur,
1047 4025 1132 4078 paens
1150 4007 1217 4062 nihil
1229 4007 1334 4075 probari
1351 4006 1423 4059 infra

251 4087 401 4143 accuratius
418 4086 556 4142 disseram.
576 4086 622 4152 (cf.
641 4102 666 4153 p.
686 4085 810 4152 33-35).
1401 4147 1407 4157 ἱ

342 4159 373 4225 ¹⁴)
394 4159 468 4212 Idem
486 4157 552 4211 dieii
570 4156 684 4211 Grauert
701 4155 718 4209 l.
732 4171 753 4210 s.
766 4172 787 4210 s.
800 4172 826 4223 p.
841 4155 900 4209 192.
919 4153 980 4209 205.
995 4183 1027 4192 -
1041 4153 1140 4208 Contra
1158 4152 1193 4206 ct.
1207 4150 1287 4203 Ihne:
1306 4150 1423 4216 quaesti-

252 4248 317 4287 ones
336 4230 511 4285 Terentianae
530 4229 610 4297 (Diss.
629 4228 717 4296 inaug.
737 4228 845 4281 Bonnas
866 4227 945 4294 1843)
964 4243 990 4294 p.
1009 4225 1026 4280 6
1046 4240 1102 4293 sqq.

343 4300 375 4373 ²⁸)
392 4301 410 4357 l.
430 4316 451 4356 s.
470 4317 491 4356 s.
510 4317 536 4371 p.
557 4299 608 4356 116
626 4315 683 4370 sqq.
