3280 5048
711 317 962 434 ..⁵1..¹

224 553 311 616 omni
330 555 516 637 argumento
535 554 635 630 caret;
654 551 791 636 primum
810 551 894 614 enim
913 549 992 614 illud
1005 553 1053 614 est
1064 549 1396 614 animadvertendum:

167 645 169 651 '
223 642 376 707 habemus
405 642 484 705 duos
512 639 656 721 Hecyrae
685 640 843 724 prologos,
877 641 932 723 qui
959 639 993 703 in
1021 639 1129 704 codiee
1156 638 1311 704 Bembino
1339 640 1399 704 etsi

143 736 147 746 '
226 732 316 795 nullo
334 731 436 814 spatio
454 731 634 794 intermisso
653 730 772 793 exarati
791 734 874 811 aunt,
898 735 1002 792 tamen
1022 729 1153 792 minime
1170 729 1253 792 inter
1271 746 1305 792 se
1323 746 1398 792 con-

225 821 288 884 fusi
307 824 339 884 et
354 819 517 884 commixti
532 824 615 902 sunt.
644 815 767 892 Quibus
783 837 824 882 ex
839 818 977 902 prologis
993 837 1123 881 curnam
1139 817 1187 880 illi
1202 818 1399 900 grammatici

226 929 326 973 unum
348 927 413 972 non
436 909 577 991 fecerint,
601 927 665 972 non
688 907 891 990 intellegitur.
926 905 1049 970 Deinde
1073 925 1167 991 quem
1190 906 1317 970 tandem
1338 906 1398 970 hoo

225 998 335 1062 fecisse
362 997 532 1082 putemus?
578 996 691 1081 Neque
719 998 801 1060 enim
829 1015 887 1081 per
912 1014 1051 1061 errorem
1079 995 1199 1060 librarii
1231 995 1397 1059 cuiusdam

224 1087 291 1153 fieri
319 1088 460 1172 potuisse
482 1087 533 1150 vel
561 1087 636 1150 inde
664 1091 805 1169 apparet,
833 1085 919 1168 quod
946 1104 988 1149 ex
1010 1085 1165 1150 sententia
1188 1083 1397 1148 Karsteniana

224 1176 340 1261 singuli
369 1177 504 1240 duorum
536 1176 738 1259 prologorum
765 1193 877 1238 versus
901 1175 986 1239 inter
1007 1193 1042 1238 se
1064 1173 1187 1254 confusi
1211 1179 1306 1256 atque
1328 1191 1397 1257 per·

223 1265 340 1330 turbati
368 1272 451 1330 sunt.
497 1263 607 1328 Restat
632 1265 744 1348 igitur,
771 1269 807 1326 ut
829 1263 996 1347 aliquem⁸)
1019 1265 1077 1328 hos
1102 1282 1211 1327 versus
1234 1262 1333 1327 solam
1357 1262 1397 1325 ob

223 1373 291 1436 eam
319 1373 449 1418 causam
471 1355 554 1418 inter
576 1372 612 1417 se
634 1354 870 1418 commiscuisse
893 1358 1058 1435 putemus,
1085 1372 1126 1417 ne
1149 1351 1229 1415 duos
1251 1351 1397 1441 prologos

223 1444 299 1506 olim
321 1443 418 1508 fuisse
441 1444 613 1526 quisquam
635 1448 846 1526 cognosceret.
882 1440 974 1516 Quod
998 1443 1024 1506 si
1047 1442 1228 1526 accipimus,
1250 1444 1310 1504 hoe
1332 1460 1397 1504 non

223 1533 431 1615 intellegitur,
462 1551 593 1594 curnam
627 1550 691 1594 non
724 1529 795 1594 illos
827 1532 920 1594 etiam
946 1549 1070 1613 versus,
1101 1530 1287 1615 exquibus
1317 1529 1397 1594 duos
1435 1575 1439 1584 ·

224 1621 400 1704 antiquitus
423 1619 570 1704 prologos
588 1620 685 1684 fuisse
704 1620 907 1684 manifestum
925 1639 994 1684 esse
1013 1619 1187 1684 Karstenus
1206 1625 1320 1698 censet,
1343 1618 1397 1682 ille

223 1709 448 1793 grammaticus
471 1707 522 1772 vel
545 1708 646 1773 editor
668 1713 732 1773 tam
756 1709 894 1773 mendax
911 1714 1012 1793 atque
1034 1716 1166 1792 argutus
1189 1709 1336 1773 omiserit.

314 1795 399 1875 Quin
422 1816 463 1862 ne
484 1799 518 1862 id
542 1797 670 1882 quidem
689 1798 860 1862 verisimile
883 1805 931 1862 est
953 1799 1096 1882 singulos
1118 1798 1253 1862 alicuius
1276 1797 1398 1881 prologi

223 1907 333 1952 versus
361 1889 444 1951 inter
472 1907 506 1952 se
533 1887 681 1952 confusos
708 1905 790 1968 esse,
816 1889 848 1951 id
878 1889 964 1971 quod
986 1889 1020 1951 in
1044 1886 1397 1951 Heautontimorumeni

221 1976 351 2060 prologo
369 1977 486 2041 iactum
506 1995 575 2041 esse
594 1975 772 2059 oziaulor)
791 1977 925 2058 iudicat3
946 1978 1061 2061 quoin
1080 1977 1210 2062 prologo
1225 1996 1288 2040 non
1302 1975 1395 2040 modo

222 2075 285 2130 tree
313 2084 425 2130 versus
448 2071 606 2152 expunxit
629 2067 814 2152 traiecitque
837 2069 869 2130 in
893 2067 1029 2150 priorem
1054 2065 1198 2147 Hecyrae
1219 2064 1395 2150 prologum,

223 2154 277 2218 sed
302 2157 395 2219 etiam
419 2161 594 2221 ceterorum
619 2175 770 2221 versuum
794 2157 937 2220 ordinem
961 2155 1053 2220 valde
1075 2156 1307 2219 transmutavit.

259 2280 261 2284 .
310 2243 380 2309 Hae
407 2247 608 2310 coniecturae
635 2264 745 2310 ornnes
772 2251 809 2308 ut
836 2247 923 2308 omni
947 2244 1222 2309 verisimilitudine
1245 2245 1395 2326 omnique

221 2338 406 2417 argumento
429 2339 545 2416 carent,
573 2336 618 2398 ita
640 2334 783 2399 funditus
805 2334 983 2397 refutantur
1006 2335 1060 2416 eis,
1097 2352 1179 2419 quae
1202 2352 1275 2397 oum
1299 2331 1395 2397 Fabia

221 2422 252 2501 (l.
269 2441 292 2486 s.
311 2442 334 2486 s.
351 2443 380 2505 p.
397 2423 462 2486 295
481 2423 560 2507 sqq.)
583 2430 651 2486 tum
675 2425 813 2486 maxime
832 2420 938 2505 Leo¹⁰)
957 2417 998 2484 de
1015 2426 1081 2485 arte
1099 2423 1254 2486 rhetorica
1271 2423 1304 2485 in
1324 2441 1394 2506 pro-

221 2510 301 2594 logis
323 2511 518 2577 Terentianis
541 2512 680 2577 adhibita
703 2516 928 2594 exposuerunt.
972 2509 1054 2574 Sunt
1077 2518 1160 2575 certe
1184 2511 1245 2576 loci
1267 2512 1301 2574 in
1323 2530 1395 2596 pro-

220 2599 310 2683 logis,
334 2602 398 2684 qui,
422 2602 499 2665 tales
518 2603 544 2665 si
563 2603 760 2666 coniecturas
778 2599 1000 2685 acceperimus,
1023 2601 1108 2664 haud
1127 2602 1191 2664 scio
1210 2620 1251 2663 an
1269 2600 1394 2664 facilius

220 2690 359 2774 intellegi
395 2692 532 2775 possint;
565 2710 668 2775 neque
695 2709 770 2754 vero
802 2689 1008 2774 intellegitur,
1042 2709 1181 2774 quonam
1209 2696 1394 2774 argumento

220 2778 332 2843 idoneo
364 2799 447 2861 eam,
476 2799 539 2864 qua
567 2783 616 2844 usi
644 2784 728 2861 sunt,
755 2779 907 2843 rationem
934 2780 991 2842 viri
1016 2780 1099 2844 docti
1121 2778 1254 2844 fulcient
1277 2786 1332 2843 aut
1355 2780 1395 2843 ad

220 2869 529 2933 verisimilitudinem
553 2871 733 2953 perducant.
768 2868 835 2933 Tali
858 2869 951 2936 modo
974 2869 1116 2934 locorum
1140 2869 1309 2933 difficultas
1329 2887 1393 2948 non

220 2957 405 3041 explicatur,
434 2958 489 3022 sed
512 2977 568 3041 per
591 2961 654 3022 vim
679 2959 808 3023 tollitur.
852 2956 920 3022 Hos
943 2965 1050 3022 autem
1072 2959 1166 3038 locos,
1190 2957 1306 3042 quibus
1330 2976 1393 3041 qno

219 3045 343 3110 facilins
360 3047 605 3131 perciperentur,
622 3048 683 3111 viri
697 3049 780 3112 docti
794 3049 941 3112 commoti
957 3047 997 3111 ad
1011 3047 1081 3111 illas
1096 3047 1266 3111 sententias
1281 3067 1393 3129 purum

219 3135 397 3219 probabiles
420 3141 629 3219 accesserunt,
652 3137 740 3200 aliter
754 3136 915 3221 'explicari
936 3154 1027 3220 posse
1051 3137 1114 3199 iam
1134 3133 1195 3199 Leo
1215 3135 1244 3216 (l.
1259 3155 1282 3198 s.
1297 3136 1333 3217 s.)
1352 3154 1394 3200 ex

219 3231 306 3308 parte
330 3226 565 3290 demonstravit.

308 3331 345 3396 Id
377 3334 474 3417 igitur
502 3333 673 3397 tenendum
702 3337 749 3398 est
775 3335 921 3418 prologos
947 3331 1162 3414 Terentianus,
1193 3335 1228 3395 ut
1255 3333 1394 3413 omnino,

220 3423 262 3483 ita
290 3423 406 3504 optime
435 3424 604 3486 memoriae
633 3424 763 3487 traditos
787 3442 863 3488 esse.
909 3421 969 3487 His
992 3423 1172 3506 praemissis
1196 3428 1393 3486 transeamus

219 3509 258 3572 ad
287 3529 354 3573 eam
383 3531 465 3594 rem,
498 3531 592 3595 qnam
622 3513 681 3576 hoo
709 3515 809 3597 capite
838 3517 970 3576 tractare
997 3511 1089 3575 nobis
1116 3512 1310 3595 propositum
1338 3516 1392 3578 est.

220 3597 290 3674 Quo
323 3603 355 3661 in
388 3602 489 3684 capite
522 3621 711 3686 quaeremus
743 3621 783 3665 ex
815 3602 954 3686 prologis
983 3601 1176 3665 Terentianis
1208 3599 1284 3683 quid
1315 3600 1392 3663 disci

142 3733 145 3738 -
219 3690 316 3771 possit
335 3689 373 3753 de
392 3691 501 3755 ordine
519 3692 698 3757 fabularum
718 3693 948 3776 chronologico.
983 3691 1075 3754 Hanc
1095 3691 1310 3774 quaestionem
1330 3690 1391 3751 iarn

218 3869 430 3878 ἡ...-

307 3919 327 3986 ⁸)
347 3919 450 3990 Cogitat
473 3920 515 3974 vir
537 3923 630 3975 doctus
650 3920 677 3991 (l.
697 3938 718 3974 s.
738 3938 759 3975 s.
778 3939 803 3990 p.
823 3921 886 3986 200)
906 3921 939 3974 de
958 3919 1050 3990 primis
1069 3917 1220 3972 fabularum
1239 3918 1391 3974 editoribus.

307 4008 327 4073 ⁹)
345 4009 377 4062 ln
396 4009 458 4063 diss.
478 4009 565 4077 inaug.
585 4011 636 4078 „de
655 4009 769 4080 prologis
778 4009 909 4063 Plautinis
928 4012 956 4063 et
974 4007 1141 4063 Terentianis
1160 4007 1329 4076 quaestiones
1348 4024 1390 4062 se-

216 4077 345 4218 {pctxueli‘iI
364 4080 475 4220 8818111188
506 4081 573 4135 1863
602 4083 664 4149 po
692 4097 749 4150 sqq.
774 4084 802 4135 et
826 4081 855 4135 in'
878 4080 941 4135 edit.
965 4078 1172 4134 Tauohnitziana
1195 4079 1286 4148 (1884)
1305 4081 1390 4149 praef.

293 4239 338 4308 ,iq
361 4239 491 4294 Analecta
513 4238 648 4294 Plautina:
677 4242 710 4294 de
737 4241 833 4311 liguris
858 4243 990 4296 sermonis
1012 4241 1048 4295 11.
1091 4239 1182 4306 (libell.
1209 4239 1389 4294 universitatis

217 4310 405 4380 Gottingensis.
444 4310 513 4366 1898
531 4327 556 4380 p.
578 4311 702 4382 15-28).
