3280 5048
714 306 938 394 -434

327 508 370 574 11.
403 508 499 574 Nunc
530 527 640 594 eorum
673 511 857 594 argumenta
885 505 1065 588 audiamus,
1097 508 1152 590 qni
1178 505 1344 590 prologum
1372 505 1412 570 ad

182 666 184 671 ,
239 602 374 684 primam
398 600 557 662 actionem
578 597 777 661 referendum
801 614 870 660 esse
893 596 1015 659 dieunt:

215 753 220 763 ,
331 689 358 755 1.
368 708 398 752 r.
409 689 429 752 8
440 687 562 770 „Nune
577 705 673 770 quam
687 705 753 750 rem
763 685 841 748 vitio
852 685 935 764 deut,
950 703 1066 768 quaeso
1076 685 1219 748 animum
1227 684 1413 750 adtendite“.

241 779 317 842 dicit
336 775 514 856 Daiatzrou
537 776 581 840 ita
603 773 745 859 proferri,
767 774 858 859 quasi
881 780 974 857 poeta
997 774 1036 837 ad
1055 775 1209 838 Andriam
1232 779 1315 838 certe
1332 793 1413 838 non·

242 867 318 931 dum
339 885 473 950 ‚operam
490 864 609 928 abusus
624 865 674 943 sit,
694 865 749 946 qui
765 864 880 926 veteris
895 867 1004 946 poetae
1019 862 1194 927 maledictis
1209 862 1413 946 respondeat.

242 956 304 1020 Sed
331 953 483 1018 Daiatzlro
510 955 579 1037 ipse
605 952 710 1016 verbis
738 971 820 1035 quae
847 952 947 1032 addit,
979 951 1146 1016 confitetur
1173 971 1298 1016 omnem
1325 952 1412 1016 illam

242 1044 447 1109 offensionem
465 1044 509 1108 ita
527 1048 652 1106 tantum
669 1042 848 1124 sustentari,
871 1047 907 1104 ut
924 1059 997 1104 oum
1015 1041 1136 1106 Andria
1153 1043 1292 1124 primum
1307 1059 1413 1125 agere—

241 1139 302 1213 tur,
314 1133 403 1196 nulla
415 1132 665 1196 adversariorum
678 1132 839 1195 mentione
850 1130 932 1194 iacta
939 1135 1083 1194 nostrum
1092 1130 1258 1214 prologum
1267 1131 1414 1214 primum,

242 1241 325 1306 quae
342 1222 390 1286 illi
405 1220 547 1285 Andriae
564 1221 642 1283 vitio
658 1220 778 1300 darent,
796 1238 1057 1284 commemorasse
1072 1227 1229 1304 putemus,
1246 1224 1414 1303 postquam

241 1308 973 1392 intereaaliarumiabularumprologieiusdem
981 1311 1158 1392 argumenti
1166 1310 1413 1374 antecessissent.

331 1402 360 1464 2.
373 1399 606 1464 Gravissimum
623 1403 728 1462 autem
743 1403 967 1481 argumentum
977 1398 1081 1462 inesse
1093 1399 1204 1462 dicunt
1214 1399 1248 1461 in
1260 1418 1289 1461 r.
1301 1400 1343 1462 24
1355 1417 1413 1482 sq:

402 1488 545 1572 „Favete
565 1487 673 1552 adeste
697 1505 798 1571 aequo
821 1488 927 1550 animo
950 1495 981 1550 et
1004 1505 1070 1550 rem
1094 1488 1282 1571 cognoscite,

402 1577 447 1642 Ut
468 1577 674 1663 pernoscatis,
697 1576 810 1659 ecquid
834 1577 900 1659 spei
924 1576 965 1639 sit
987 1575 1165 1642 relicuom‘.

126 1661 128 1666 ’
242 1666 296 1730 Ex'
317 1667 434 1751 quibus
458 1668 563 1750 colligi
587 1665 700 1730 debere
723 1669 913 1750 spectatores
932 1666 1034 1748 ‚,rem“
1058 1667 1200 1730 noudum
1219 1665 1414 1750 cognovisse,

243 1755 383 1820 fabulam
405 1757 504 1838 igitur
525 1761 581 1820 aut
603 1775 677 1819 cum
700 1760 808 1819 nostro
826 1753 955 1838 prologo
974 1756 1111 1839 primum
1131 1759 1230 1820 actam
1250 1760 1306 1819 aut
1323 1759 1415 1818 antea

244 1850 388 1908 excomm
414 1846 527 1928 fuisse;
556 1845 641 1929 quod
669 1845 804 1908 alterum
830 1863 904 1907 cum
932 1847 1028 1908 statui
1055 1864 1119 1908 non
1142 1845 1248 1929 possit,
1271 1848 1414 1908 nostrum

242 1935 407 2018 prologum
439 1936 560 2019 primae
587 1952 656 1998 esse
682 1933 807 1998 tabulae
834 1935 974 2018 primum
1002 1939 1090 1998 actae
1118 1933 1311 1998 credendum
1338 1951 1413 1997 esse.

242 2023 331 2099 Haeo
349 2024 473 2108 scripsit
491 2019 645 2087 Dziatako
663 2024 698 2087 in
716 2024 1012 2092 dissertationesua
1030 2024 1210 2107 inaugurali
1233 2023 1274 2107 (p.
1292 2023 1310 2086 1
1333 2041 1365 2086 n.
1383 2022 1414 2104 1)

243 2118 413 2198 posteaque
435 2112 678 2192 confirmavitm)
702 2112 811 2176 dicens
833 2119 957 2196 poetam
978 2132 1028 2176 rr.
1049 2113 1178 2176 24-21
1198 2133 1218 2176 a
1235 2113 1415 2196 spectatori-

244 2201 303 2266 bus
325 2209 440 2287 petere,
464 2204 606 2266 uthanc
627 2201 767 2267 fabulam
791 2207 975 2286 spectarent,
1005 2208 1039 2266 ut
1063 2202 1172 2286 quales
1194 2201 1317 2265 fabulas
1340 2221 1360 2265 a
1381 2221 1416 2266 se

243 2294 375 2374 posteris
393 2291 588 2376 temporibus
607 2296 789 2375 exspectare
806 2296 942 2375 possent,
965 2291 1196 2374 intellegerent3
1220 2310 1323 2375 neque
1341 2309 1416 2354 uero

244 2398 319 2442 eum
340 2381 373 2443 id
396 2386 501 2464 petere
523 2381 672 2464 potuisse,
695 2381 723 2444 si
745 2379 852 2444 fabule
874 2381 939 2443 iam
961 2386 1030 2444 acta
1052 2381 1177 2460 fuisset3
1203 2381 1263 2445 hoc
1285 2381 1416 2444 enimsi

244 2467 360 2531 factum
380 2474 470 2552 esset,
493 2469 625 2533 eumad
644 2470 789 2553 plausum
809 2476 840 2533 et
858 2471 1036 2551 clamorem,
1060 2469 1176 2553 quibus
1194 2469 1333 2532 fabulam
1353 2471 1416 2534 iam

117 2639 119 2646 y
244 2559 402 2639 prosecuti
424 2563 537 2641 essent,
560 2564 775 2643 respecturum
799 2559 946 2637 fussent

335 2648 363 2710 3.
386 2646 467 2712 Nam
480 2649 579 2733 quod
597 2647 694 2713 Fabia
717 2647 749 2730 (l.
768 2667 791 2712 s.
810 2650 845 2729 s)
866 2649 942 2712 dicit
960 2655 1082 2733 poetam
1100 2669 1130 2713 v.
1152 2650 1192 2712 18
1211 2667 1281 2732 sqq.
1298 2653 1417 2732 specta·

244 2735 365 2800 toribus
384 2755 417 2801 se
436 2737 656 2810 commendare
675 2737 813 2802 voluisse
831 2743 868 2801 ut
884 2737 999 2819 Plauti,
1017 2737 1128 2819 Naevi,
1147 2737 1231 2802 Enni
1247 2739 1417 2820 aemulum,

243 2825 391 2890 facillime
419 2826 610 2892 dissolvitur.
657 2826 731 2891 Non
755 2829 844 2910 prius
867 2829 952 2891 enim
974 2828 1139 2893 Terentius
1161 2829 1206 2892 ad¹
1225 2829 1283 2892 hos
1305 2847 1417 2912 provo-

244 2933 316 2978 care
333 2917 444 2998 potuit,
464 2936 560 3000 quam
579 2917 752 2980 adversarii
768 2918 888 2980 emman
899 2919 1173 2982 contaminationis
1186 2920 1215 2982 ei
1227 2917 1417 2982 obiecerunt.

246 3002 438 3068 Excusantis
460 3006 567 3088 igitur,
590 3024 653 3069 non
678 3025 713 3070 se
735 3007 985 3071 commendantis
1008 3008 1084 3072 haec
1106 3007 1203 3071 verba
1226 3012 1309 3070 sunt.

334 3092 378 3156 Hi
396 3094 493 3176 igitur
511 3100 587 3159 suut
605 3114 724 3177 omnes,
743 3101 899 3180 quantum
918 3097 1021 3178 video,
1039 3096 1108 3178 loci,
1132 3095 1249 3180 quibus
1269 3098 1318 3159 usi
1337 3097 1419 3159 hanc

244 3181 332 3245 illam
364 3185 553 3248 sententiam
585 3185 646 3248 vin·
677 3185 759 3249 docti
787 3185 1010 3268 probaverunt.
1067 3184 1181 3248 Nonne
1208 3187 1333 3252 miraris
1361 3185 1418 3249 hos

244 3272 329 3336 locos
356 3273 439 3336 inter
461 3291 496 3336 se
517 3272 612 3358 plane
636 3275 778 3338 diversos
802 3280 832 3338 et
855 3275 1011 3338 contraria
1033 3275 1101 3358 ipsa
1124 3273 1361 3358 comprobantes
1384 3276 1417 3339 in

246 3378 309 3422 uuo
332 3361 506 3446 eodemque
529 3363 659 3447 prologo
683 3364 807 3427 inesse?
844 3363 911 3446 Ego
929 3383 1004 3428 vero
1024 3383 1105 3448 nego
1124 3367 1238 3446 omnia,
1262 3383 1343 3448 quae
1361 3383 1418 3448 pro

245 3450 426 3515 certissimis
449 3453 510 3515 viri
534 3453 615 3517 docti
641 3453 898 3535 venditaveruut,
926 3455 1102 3517 certissima
1125 3473 1201 3518 esse.
1248 3453 1418 3518 Examine-

244 3557 318 3601 mus
335 3539 433 3621 igitur
451 3542 577 3626 singula
596 3549 796 3626 argumenta3
817 3549 911 3626 atque
929 3544 1066 3626 primum
1086 3562 1132 3625 ee,
1152 3542 1267 3626 quibus
1283 3544 1417 3627 priorem

245 3630 432 3694 sententiam
460 3631 640 3695 confirmari
664 3632 724 3693 viri
748 3630 830 3694 docti
854 3638 1059 3715 putaverunt,
1088 3633 1201 3696 deinde
1224 3651 1274 3714 ea,
1303 3631 1419 3716 quibus
1533 3661 1537 3674 ¹

245 3717 350 3799 ipsum
374 3723 567 3784 contrarium
590 3720 716 3804 probari
740 3720 872 3784 videtur.

335 3910 446 4051 2)qu
456 3913 716 4038 inritauilplolvnirir'
734 3985 826 4054 (raes)
891 3986 966 4040 eros

335 4055 367 4121 l¹)
385 4025 582 4110 Paeolrelmann
600 4055 617 4109 l.
636 4072 657 4109 s.
676 4072 697 4110 s.
716 4073 741 4124 p.
761 4058 796 4139 15
809 4002 1155 4139 sqg.⁸·-·O.ql3rugmann:
1175 4057 1261 4133 annal.
1281 4058 1344 4126 phil.
1357 4075 1418 4113 nov.

245 4125 338 4180 CXIII
347 4126 438 4194 (1876)
451 4143 476 4194 p.
488 4128 549 4180 417.
570 4157 603 4167 -
623 4127 742 4196 Wagner
759 4145 788 4180 m
805 4127 931 4182 Burmam
949 4128 1121 4182 relationibus
1139 4130 1281 4184 consilli
1298 4129 1418 4201 (1874s5)

245 4213 271 4264 p.
281 4196 343 4264 804,
356 4196 417 4252 808.
439 4229 469 4236 —
490 4197 616 4252 Dziatzko
629 4198 657 4251 in
669 4199 777 4253 Phorm.
792 4199 842 4253 ed²
860 4200 951 4269 (1885)
964 4217 989 4268 p.
1006 4199 1046 4253 12.
1061 4230 1092 4238 —
1107 4199 1188 4254 Fabia
1198 4199 1215 4253 l.
1230 4217 1251 4254 s,
1265 4216 1285 4254 s.
1298 4217 1324 4269 p.
1335 4202 1368 4255 31
1379 4216 1418 4270 sq.

246 4299 279 4308 -
299 4269 342 4323 ur.
363 4267 466 4324 Schoell
485 4269 514 4322 iu
533 4269 601 4324 Mus.
620 4269 706 4324 Rben.
726 4286 787 4324 nov.
807 4270 858 4325 vol.
877 4271 953 4325 LVll
972 4271 1063 4341 (1902)
1081 4287 1107 4339 p.
1127 4271 1161 4325 49
1181 4272 1240 4325 adn.
1259 4272 1284 4325 2.
