3280 5048
644 338 863 401 ..33-

148 521 269 602 ,simile
303 537 371 584 6666
402 518 540 581 videtur
560 516 608 597 (61
633 537 661 600 p.
687 517 750 597 29),
783 519 856 580 ante
886 513 1031 596 Hecyrae
1063 514 1235 578 secundam
1265 515 1342 577 acti-

167 629 260 674 onem
283 613 430 687 6616661,
454 625 557 690 neque
583 608 754 689 quicquam
777 606 854 669 certi
877 605 1105 688 616161661661.
1218 637 1219 640 ¹

256 697 319 760 Hic
339 693 522 759 fabularum
545 696 629 776 orde,
654 713 749 779 quem
772 713 814 758 ex
832 694 970 778 prologis
988 698 1134 757 accurate
1152 691 1342 766 examinatis

168 787 319 868 eruimus,
343 804 417 848 cum
440 785 549 848 ordine
571 783 750 872 fabularum
773 783 1003 866 chronologico,
1027 782 1083 866 qui
1106 783 1139 844 in
1164 781 1343 846 didascaliis

168 875 317 956 traditur,
344 873 491 937 omnibus
518 892 559 938 61
584 872 727 957 partibus
750 873 904 956 congruit
950 870 1133 936 Secundum
1156 869 1342 934 didascalica

168 965 253 1027 enim
277 963 352 1027 ordo
376 967 422 1026 est
445 962 510 1026 hic:
1001 980 1003 982 ·
1169 1008 1172 1014 .
1286 981 1289 987 ¹

330 1053 357 1117 1.
381 1051 502 1115 Andria
524 1056 594 1116 acta
615 1051 700 1115 ludis
724 1049 959 1135 Megalensibus
982 1051 1058 1114 anni
1084 1048 1146 1112 166
1171 1069 1197 1112 a.
1222 1047 1293 1113 Chr.

328 1143 357 1204 2.
382 1139 508 1221 Hecyra
522 1143 669 1226 primum
692 1146 761 1204 acta
783 1159 868 1203 6666
892 1140 954 1203 165
979 1159 1005 1204 a.
1030 1137 1100 1204 Ohr.

328 1232 347 1293 3
380 1228 756 1295 Heautontimorumenos
779 1235 848 1293 6616
871 1248 954 1292 6666
980 1228 1042 1291 163
1067 1249 1094 1292 a.
1118 1226 1189 1293 (161.

327 1315 357 1382 4.
383 1318 558 1384 Eunuchus
581 1326 650 1384 aota
673 1339 756 1384 anno
782 1319 843 1382 161
870 1339 896 1382 6
921 1316 992 1382 0111.

328 1409 357 1471 5.
381 1408 531 1472 Phormio
554 1415 623 1472 acta
646 1428 730 1472 anno
756 1406 817 1470 161
843 1427 869 1470 a.
889 1403 964 1469 (1111.

329 1497 358 1559 6.
381 1495 509 1578 Hecyra
531 1499 647 1560 iterum
669 1502 739 1560 aota
776 1495 861 1559 16616
872 1493 1059 1558 funebribus
1071 1492 1105 1558 L.
1118 1495 1235 1558 Aemili
1286 1503 1293 1517 '

330 1588 358 1646 7.
382 1585 547 1669 Adelphos
570 1591 638 1649 acta
735 1605 737 1610 ⁸
775 1582 879 1647 Paulli
899 1583 997 1667 (6666
1019 1581 1082 1645 icc
1101 1602 1128 1647 a
1144 1580 1235 1665 0111).

329 1675 358 1736 8.
381 1673 509 1755 Hecyra
537 1674 628 1738 tertio
655 1682 725 1738 6616
748 1673 834 1736 16616
856 1671 1008 1735 Romanis
1031 1671 1194 1735 6661160
1219 1691 1245 1736 a.
1270 1670 1341 1738 Ohr.

258 1760 347 1839 Quae
370 1762 730 1842 6661166161166616
753 1781 816 1826 non
840 1780 1020 1844 possumus,
1042 1763 1121 1844 quin
1145 1761 1185 1824 66
1208 1779 1246 1824 66
1264 1779 1342 1844 quo·

170 1871 232 1937 quc
254 1871 298 1934 re,
321 1852 360 1916 de
384 1873 447 1936 qua
474 1852 555 1915 nihil
578 1853 655 1916 certi
674 1870 716 1916 ex
733 1851 872 1936 prologis
891 1851 1051 1914 enucleari
1068 1855 1179 1935 potest,
1202 1850 1343 1913 166166-

169 1942 272 2006 6661116
291 1961 403 2005 verum
421 1941 572 2004 traditum
590 1959 658 2004 esse
676 1947 834 2025 putemne,
851 1940 1036 2023 61666611161
1046 1958 1120 2002 6616
1130 1939 1190 2003 666
1205 1939 1343 2023 prologis

167 2032 298 2094 minime
330 2035 497 2114 repugnet:
533 2029 757 2094 Phormionem
788 2031 887 2113 igitur
917 2032 988 2112 post
1016 2027 1209 2092 Eunuchum
1241 2033 1343 2092 actam

168 2121 277 2200 666611)
300 2118 507 2184 censebimus.

196 2317 319 2412 Caput
346 2309 402 2388 111:
431 2315 489 2394 116
516 2313 731 2395 nonnullis
759 2312 857 2393 61116
884 2311 1163 2413 prologorum
1190 2311 1310 2407 16616,

250 2437 401 2534 quihus
429 2437 536 2519 ordo
564 2436 805 2518 fabularum
834 2437 1169 2537 chronologicus,
1191 2439 1268 2516 aut

391 2561 599 2644 infirmari
627 2560 799 2642 videtur
827 2564 914 2668 661,
930 2559 1117 2642 fulcitur.

192 2704 211 2786 6
237 2705 264 2768 1.
303 2705 350 2767 Dc
376 2705 791 2769 Heautontimorumcni
819 2703 960 2784 prologi
986 2704 1155 2768 versibus
1182 2705 1314 2785 16-19.

257 2810 295 2874 In
319 2811 476 2894 prioribus
499 2808 655 2894 capitibus
680 2811 850 2876 statuimus
867 2809 1221 2875 Heautontimorumeni
1239 2813 1342 2896 prolo-

167 2920 246 2981 gum
269 2900 445 2963 secundum
463 2899 588 2963 Terenti
610 2900 778 2984 prologum
797 2917 876 2980 6666,
903 2900 1057 2962 Andriam
1075 2906 1107 2964 61
1123 2899 1285 2981 Hecyram
1303 2899 1341 2980 (Ι)

167 2988 291 3050 tabulas
310 2994 401 3050 antea
420 2993 504 3051 66166
523 3007 600 3052 6666.
634 2987 778 3063 Quarum
787 2989 918 3054 alteram
936 2990 1189 3069 contaminatam,
1212 2991 1342 3052 alteram

169 3095 233 3152 non
254 3078 499 3140 contaminatam
518 3095 585 3140 esse
604 3095 678 3139 cum
696 3080 842 3162 sciamus,
866 3078 1024 3162 quomodo
1043 3077 1140 3141 verba
1157 3079 1342 3161 intellegan-

168 3171 229 3245 tur,
253 3166 388 3248 quaeris,
411 3184 493 3249 quae
515 3165 667 3248 leguntur
688 3167 722 3229 in
744 3165 860 3233 Heaut.
882 3168 961 3252 prol
984 3169 1047 3250 (vv.
1073 3166 1229 3246 16-19);

329 3253 429 3336 „Nam
453 3255 538 3338 quod
561 3273 705 3319 rumores
728 3255 921 3320 distulerunt
942 3256 1092 3337 malivoli,

330 3341 468 3407 1161166
491 3345 772 3410 contaminasse
796 3345 973 3426 Graecas,
998 3347 1075 3409 dum
1097 3345 1171 3409 facit

330 3430 451 3496 Paucas
471 3431 615 3496 Latinas:
638 3433 670 3496 id
694 3453 763 3498 6666
786 3434 904 3498 iactum
927 3435 977 3497 hio
1000 3455 1064 3498 non
1088 3440 1191 3518 negat,

329 3518 441 3604 Neque
463 3541 496 3585 se
519 3524 626 3606 pigere
649 3528 681 3586 61
704 3523 817 3587 661666
839 3524 996 3587 facturum
1020 3524 1191 3586 autumat.“
1239 3525 1241 3528 ’

260 3695 290 3763 ²¹)
309 3695 379 3751 Huic
398 3696 438 3750 rei
457 3697 602 3752 convenire
625 3698 668 3765 id,
692 3698 763 3766 quod
781 3698 921 3752 Terentius
943 3699 973 3752 in
995 3701 1108 3768 utroque
1132 3697 1239 3768 prologo
1262 3698 1340 3765 (Eun.

168 3766 196 3818 61
214 3765 331 3834 Phorm.)
356 3767 456 3822 eisdem
479 3769 539 3823 iere
561 3769 591 3822 in
614 3768 756 3823 sententiis
774 3772 911 3836 versatur,
935 3773 1009 3824 16616
1028 3769 1204 3824 ostenderunt
1222 3769 1342 3837 Wagner

170 3836 266 3904 (annal.
286 3837 374 3904 philol.
393 3838 538 3907 66691101
556 3837 646 3912 [1866]
666 3857 691 3909 p.
710 3839 775 3908 288)
799 3841 874 3894 6111.
893 3840 1053 3910 Η66161116
1072 3841 1181 3895 Phorm.
1201 3841 1242 3894 ed.
1261 3856 1286 3910 6.
1308 3841 1341 3894 16

167 3925 193 3960 6.
214 3908 250 3976 3),
269 3909 314 3976 qni
331 3913 472 3978 praeterea
489 3911 539 3964 hoc
558 3913 632 3965 recte
655 3911 733 3965 dicit:
762 3911 848 3979 „Dans
866 3913 1015 3966 tamarim
1033 3911 1130 3982 Prolog
1148 3928 1209 3965 zum
1228 3911 1342 3965 11666611

168 3978 228 4032 6166
247 3979 414 4052 hnepielnng
433 3982 479 4035 aut
497 3981 540 4034 die
559 3981 777 4051 durchgciallene
797 3982 906 4051 Hecyra
922 3981 1000 4050 fehlt,
1020 3981 1120 4036 61111611
1137 3982 1194 4036 sich
1213 3983 1341 4037 6666661

167 4049 302 4105 altuellm
320 4051 407 4106 Stoite
419 4053 508 4106 diesen
520 4051 598 4106 Prolo
616 4068 638 4120 6,
656 4053 706 4108 661
716 4053 894 4123 Entgegnung
906 4053 954 4107 aui
965 4053 1008 4108 die
1022 4051 1090 4107 eben
1103 4069 1341 4123 vorangegangene

166 4119 342 4193 Belaidigung
370 4124 418 4177 des
444 4123 571 4177 Dichters
592 4069 678 4178 (iuroh
701 4123 813 4178 Luscius
840 4124 1027 4192 Lanuvinus“;
1054 4127 1195 4195 praeterea
1222 4142 1257 4179 ex
1283 4126 1341 4179 toto

167 4191 274 4246 Phorm.
294 4192 401 4264 prologo
420 4209 548 4263 apparere
567 4194 632 4247 mihi
652 4194 759 4249 videtur
775 4195 930 4250 1616611616
948 4196 1042 4265 gaudio
1061 4195 1176 4250 alacrem
1194 4195 1279 4250 161666
1293 4196 1340 4263 (61.

169 4279 211 4316 vv.
226 4265 308 4332 1-—33
328 4264 429 4332 5-193
449 4265 573 4334 31-34),
592 4264 619 4319 16
639 4265 708 4334 quod
726 4281 821 4336 magno
831 4265 954 4322 1111666111
966 4282 1092 4322 66666666
1101 4267 1165 4320 66116
1184 4266 1340 4336 explicatur.

1164 4357 1180 4409 3
