3280 5048
753 318 968 384 ..54-

276 497 555 564 contaminationis
589 496 834 562 οοιιιιοιιιιιιιιι
864 495 1051 571 diiudicent
1074 499 1111 558 ut
1137 498 1334 578 pernoscant
1335 493 1373 574 ιι)
1397 511 1448 556 ec·

277 587 353 672 quid
381 586 448 672 spei
482 586 542 652 sibi
570 589 611 651 sit
638 586 850 650 relicuomet
819 590 876 648 eto.
927 583 998 649 Non
1032 585 1129 667 igitur
1162 587 1267 666 rogat,
1299 587 1336 645 ιιι
1366 583 1450 645 hanc

276 695 376 742 unam
396 674 552 740 Andriam
576 674 724 761 probent,
758 675 874 758 quippe
898 691 994 757 quam
1017 672 1111 757 paulu
1143 677 1223 736 ante
1237 669 1448 755 probaverint

276 766 389 849 Neque
420 784 495 830 vero
528 767 597 829 tum
630 767 819 849 spectatores
851 763 1008 826 sciverant
1035 761 1175 825 fabulam
1202 761 1448 825 contaminatam

276 873 352 920 esse.
411 853 506 920 Nunc
539 854 638 938 igitur
668 854 761 936 petit,
795 857 832 915 ut
864 857 1053 935 spectatores
1090 851 1281 932 diiudicent,
1314 849 1449 913 liceatne

276 945 404 1007 omnino
427 941 813 1008 fabulam-contaminare.

365 1032 414 1096 lta
436 1034 463 1096 si
496 1031 644 1116 prologus
675 1030 860 1116 percipitur,
889 1029 1006 1113 optime
1033 1047 1084 1093 me
1111 1028 1216 1092 iudice
1243 1027 1391 1092 convenit
1417 1027 1449 1090 ei

276 1123 418 1206 tempori,
442 1138 505 1204 quo
528 1128 626 1204 poeta·
642 1118 766 1183 fabulas
788 1117 924 1182 scribere
947 1119 1040 1182 modo
1063 1120 1214 1202 coeperat.

534 1424 657 1521 Caput
684 1425 741 1496 V:
773 1419 998 1523 Appendix
1025 1420 1190 1502 critica.

277 1585 294 1668 ξ
320 1586 346 1648 1.
396 1583 444 1648 De
470 1567 884 1648 Heautontimorument
917 1581 1059 1663 prologi
1083 1579 1255 1645 verstbus
1278 1577 1387 1666 48l50
1412 1583 1449 1642 et

430 1691 590 1769 Hecyrae
615 1689 757 1771 prologi
783 1687 936 1754 alterius
959 1688 1131 1754 versibus
1154 1706 1296 1768 41-43.

366 1814 405 1877 In
421 1813 774 1878 Heautontimorumeni
790 1813 919 1897 prologo
939 1814 1073 1896 legimus
1087 1814 1264 1877 hosversus
1275 1813 1448 1894 (48-50):

437 1902 492 1984 „si
514 1919 691 1986 numquam
714 1921 808 1966 avare
826 1903 961 1986 pretium
984 1903 1081 1965 stetui
1104 1904 1164 1966 arti
1187 1919 1275 1966 mese

437 1987 479 2054 lit
502 2009 574 2054 eum
598 2009 667 2054 esse
698 1997 865 2074 quaestum
887 1992 920 2053 in
945 1991 1087 2053 animum
1110 1991 1225 2054 induxi
1252 2011 1449 2074 maxumum,

437 2077 539 2155 Quam
564 2099 714 2144 maxume
736 2081 855 2144 servire
877 2081 992 2144 vostris
1015 2081 1214 2144 commodis.“

265 2175 266 2178 ’
365 2167 477 2233 Eidem
494 2187 605 2232 versus
623 2169 773 2253 leguntur
787 2171 820 2232 in
838 2168 982 2251 Hecyrae
1000 2169 1130 2253 prologo
1146 2169 1314 2250 alterotvv.
1325 2165 1449 2256 slsis).

278 2256 365 2334 Quos
400 2277 511 2324 versus
545 2278 619 2322 cum
655 2264 792 2343 utroque
823 2259 891 2322 loco
924 2263 1071 2343 appareat
1102 2259 1225 2322 admitti
1253 2278 1315 2322 non
1349 2277 1450 2342 posse,

277 2350 448 2432 quaeritur,
473 2354 544 2412 utro
566 2348 637 2412 loco
660 2349 724 2412 sint
745 2349 886 2432 genuini.

262 2481 265 2488 ·
366 2437 511 2502 Primum
543 2437 688 2502 videmus
721 2455 830 2502 omnes
863 2439 986 2502 codices
1017 2443 1141 2520 praeter
1168 2436 1361 2500 Bembinum
1391 2438 1451 2502 hos

277 2531 341 2590 tres
364 2543 475 2591 versus
499 2531 635 2609 utroque
656 2526 726 2589 loco
750 2527 913 2606 exhibere3
938 2527 1077 2590 codicem
1100 2525 1291 2590 Bembinum
1316 2525 1368 2607 (Δ)
1386 2531 1451 2590 tres

278 2634 389 2678 versus
412 2616 513 2679 solum
538 2616 572 2677 in
591 2613 736 2695 Hecyrae
754 2617 882 2698 prologo
901 2615 1059 2698 praebere,
1082 2620 1191 2679 contra
1209 2614 1450 2680 Heautontimo-

278 2705 404 2766 rumeni
426 2703 495 2766 loco
519 2703 646 2766 tertium
671 2707 739 2766 tant
740 2723 793 2766 um
817 2704 932 2767 horum
950 2723 1108 2767 versuum
1145 2703 1224 2767 Cum
1244 2707 1319 2768 vero
1337 2707 1450 2769 tertius

278 2808 389 2855 versus
413 2791 537 2854 duobus
560 2790 719 2875 prioribus
737 2793 862 2856 omissis
877 2811 973 2856 sensu
992 2798 1104 2873 careat,
1127 2793 1298 2858 hocloco
1289 2813 1324 2856 m
1342 2795 1450 2858 codice

277 2882 308 2944 A
318 2881 389 2944 illos
402 2881 481 2944 duos
492 2899 602 2945 versus
613 2899 670 2964 per
681 2899 819 2945 errorem
831 2881 952 2945 librarii
961 2883 1094 2946 omissos
1104 2901 1173 2947 esse
1181 2883 1383 2946 manifestum
1394 2890 1450 2946 ost

366 2968 489 3034 Deinde
512 2968 672 3033 Donatum
695 2971 754 3034 hos
776 2989 886 3035 versus
909 2972 942 3034 iu
965 2970 1110 3053 Hecyrae
1127 2961 1257 3056 prolo'go
1274 2971 1391 3056 legisse
1409 2991 1450 3036 ex

277 3060 346 3124 eius
370 3062 595 3123 commentario
619 3060 867 3140 lieettstauere;
893 3063 1039 3144 quicum
1060 3061 1099 3124 ad
1118 3057 1450 3126 Heautontimorume-

277 3168 341 3212 non
365 3167 430 3212 non
453 3153 596 3212 servatus
619 3150 670 3229 sit,
692 3149 844 3232 legeritne
867 3148 1011 3214 Donatus
1034 3151 1092 3213 hos
1110 3169 1222 3214 versus
1240 3153 1273 3212 in
1293 3151 1352 3214 hoc
1370 3169 1450 3235 quo-

278 3255 340 3320 que
358 3238 497 3321 prologo,
520 3238 716 3320 nescimusl)
751 3237 864 3321 Neque
882 3241 965 3303 enim
987 3241 1167 3322 quicquam,
1190 3240 1309 3322 opinor,
1332 3235 1450 3302 Donati

277 3326 382 3390 verbis
409 3326 521 3430 probat
521 3346 572 3408 ur,
600 3328 656 3410 qui
684 3327 812 3391 adnotat
838 3327 879 3390 ad
906 3327 988 3391 Eun.
1015 3327 1093 3411 prol.
1124 3349 1152 3390 v.
1179 3328 1211 3390 1:
1242 3329 1451 3410 „attendenda

276 3420 386 3499 poetae
409 3417 507 3499 copia,
531 3416 643 3519 quod
634 3435 667 3478 m
692 3420 737 3478 tot
759 3415 898 3499 prologis
921 3416 960 3481 ab
984 3417 1093 3481 eadem
1116 3436 1220 3500 causa,
1244 3419 1361 3482 eisdem
1385 3418 1451 3482 iere

277 3506 450 3587 sententiis,
473 3507 570 3568 variis
593 3503 699 3568 verbis
721 3505 848 3568 utitur‘.

366 3594 478 3678 Itaque
501 3613 574 3657 cum
598 3593 701 3658 desint
722 3595 901 3659 testimonia
923 3596 1067 3679 antiqua,
1095 3601 1167 3659 utro
1189 3596 1258 3659 loco
1281 3597 1314 3659 hi
1337 3615 1450 3661 versus

278 3683 317 3746 ad
340 3685 568 3746 sententiarum
593 3684 707 3746 seriem
730 3685 865 3767 aptiores
888 3685 960 3765 sint,
983 3684 1263 3748 demonstrandum
1287 3691 1341 3749 est

365 3771 536 3889 Heautont
515 3773 717 3836 trmorumeni
746 3771 868 3856 prologi
891 3793 941 3836 vv.
965 3774 1026 3834 l-
1029 3774 1072 3835 34
1094 3767 1264 3838 ¹Ambivius
1292 3775 1331 3838 de
1359 3779 1451 3858 poeta

366 3965 398 4032 ⁴⁴)
418 3966 618 4020 Attendendum
637 3968 679 4020 est
696 3968 801 4034 poetam
819 3966 910 4019 dicere
929 3965 965 4034 (v.
978 3965 1014 4018 24
1032 3967 1121 4036 sq.):,
1124 3967 1199 4031 ,Rem
1219 3968 1376 4064 cognoscite,

436 4038 709 4106 utpernoscatiS,
729 4037 823 4105 ecquid
841 4036 920 4105 spei
918 4036 953 4090 eit
941 4037 1129 4106 treliouom“;

276 4108 380 4161 Rursus
398 4107 480 4178 igitur
498 4107 684 4163 blandimentis
702 4108 794 4176 utitur,
814 4109 877 4162 dum
896 4101 1059 4177 spectatores
1077 4079 1180 4165 iudices
1197 4111 1270 4164 facit.

368 4179 387 4247 ¹)
410 4179 577 4250 Hugraphius
599 4180 648 4233 hos
672 4195 767 4232 versus
789 4179 905 4233 solum
896 4197 926 4232 ιιι
944 4179 1068 4249 Hecyrae
1092 4181 1198 4251 prologo
1221 4181 1319 4252 legisse
1342 4182 1452 4236 videtur

277 4251 322 4319 (cf.
340 4251 449 4305 Terenti
467 4251 529 4304 edit.
549 4251 644 4305 Reinh.
663 4250 761 4304 Klotzii
780 4251 861 4319 [Lips
883 4250 1008 4322 [suello]
1028 4252 1099 4320 Ilp
1119 4253 1171 4307 342
1190 4254 1223 4307 ad
1242 4269 1268 4308 v.
1288 4253 1341 4323 39).
