3280 5048
814 289 1035 352 ..20-

337 465 422 529 nime
438 467 684 551 exspectavisse3
701 467 787 532 unde
802 466 978 551 explicatur
989 466 1169 532 Terentium
1185 467 1264 532 nihil
1276 487 1376 552 paene
1388 466 1508 550 habere,

337 573 401 638 quo
419 555 540 640 prolato
559 554 598 619 ab
617 556 676 620 hoc
694 557 825 619 crimine
844 561 996 640 purgetur
1015 557 1062 638 (ol.
1080 577 1108 620 v.
1128 558 1169 620 27
1188 562 1219 621 et
1237 558 1277 620 33
1296 557 1389 641 sqq.);
1415 559 1507 621 versi·

337 643 397 708 bus
419 649 534 725 autem,
559 647 613 728 qui
637 651 816 728 sequuntur
840 641 948 722 (v.‘33
972 647 1061 729 sqq),
1086 647 1223 710 maxime
1246 646 1421 710 cavillatur.

427 732 542 797 Contra
561 737 593 796 in
613 734 780 818 Adelphon
803 734 932 818 prologo
950 733 1114 798 Terentius
1134 754 1175 798 no
1193 741 1354 820 exspectat
1372 737 1508 819 quidem,

337 823 412 886 dum
432 824 534 907 iniqui
551 825 583 886 in
600 841 634 887 se
649 825 849 905 invehantur,
867 823 922 888 sed
938 823 978 888 do
994 843 1027 888 se
1042 826 1110 908 ipse
1125 825 1242 888 indicio
1258 821 1355 912 est⁸⁸l
1384 824 1507 889 Etenim

336 912 395 974 hac
418 913 450 974 in
475 911 583 976 fabula
604 914 800 994 gravissimis
824 914 1018 997 argumentis
1040 914 1255 978 demonstrare
1272 920 1375 998 potest
1393 933 1427 979 se
1445 933 1506 978 non

335 992 438 1065 fure'm
463 1020 538 1066 esse.
574 999 712 1065 Ournam
738 1021 811 1066 vero
834 1001 1014 1066 Terentium
1039 1003 1167 1067 omniuo
1190 1008 1508 1068 commemoraturum

334 1091 433 1154 fuisse
465 1109 573 1155 censes
600 1109 635 1154 se
664 1090 783 1154 furtum
813 1110 877 1154 non
905 1092 1028 1167 fecisse,
1061 1094 1122 1156 nisi
1150 1093 1209 1156 hoc
1237 1095 1266 1156 ei
1294 1094 1357 1156 iam
1385 1089 1509 1156 crimini

337 1181 444 1242 datum
465 1186 556 1261 esset,
576 1181 636 1242 nisi
655 1179 790 1244 similem
807 1181 1038 1244 accusationem
1055 1180 1234 1248 timuisset?
1267 1181 1509 1246 Evidentissime

335 1269 433 1352 igitur
461 1271 611 1354 consequi
639 1271 702 1332 iarn
732 1268 869 1347 Bosse⁸⁹l
898 1273 1007 1334 statuit
1034 1280 1105 1354 post
1134 1269 1325 1342 Eunuchum
1350 1271 1509 1355 Adelphos

336 1359 473 1442 primum
498 1369 599 1422 actam
623 1377 704 1440 esse;
730 1360 805 1442 quin
831 1360 926 1424 etiarn
950 1360 981 1423 id
1005 1358 1175 1424 verisimile
1198 1380 1267 1424 esse
1289 1361 1366 1424 mihi
1385 1361 1509 1424 videtur
1602 1437 1603 1440 Ἴ

337 1447 497 1532 Adelphos
527 1449 622 1532 paulo
649 1453 720 1534 post
748 1447 941 1513 Eunuchum
969 1455 1070 1514 actam
1100 1469 1175 1514 esse.
1222 1449 1292 1514 Hoc
1319 1451 1346 1514 si
1373 1452 1421 1514 ita
1445 1469 1507 1513 non
1602 1493 1603 1504 .

337 1543 428 1618 esset,
446 1558 504 1602 cur
521 1537 687 1604 Terentius
705 1539 785 1603 illud
804 1541 923 1603 crimen
942 1539 1018 1603 furti
1036 1541 1095 1604 hoc
1114 1541 1146 1603 in
1166 1541 1294 1625 prologo
1313 1541 1510 1624 respexisset,

336 1647 400 1691 non
424 1628 709 1710 intellegeretur.⁴⁰)

424 1716 491 1779 Iam
520 1715 600 1778 illud
629 1716 755 1797 quidem
783 1719 984 1797 perspicuum
1014 1724 1060 1778 est
1088 1723 1123 1778 ut
1151 1719 1439 1800 contaminationis,
1466 1721 1510 1782 ita

336 1805 412 1868 furti
431 1806 549 1867 crimen
572 1824 589 1864 a
605 1802 719 1866 Luscio
739 1801 866 1864 demum
885 1801 995 1864 fictum
1014 1820 1082 1862 esse
1099 1803 1206 1867 videri.
1242 1807 1407 1872 Terentius
1425 1810 1510 1870 enim
1602 1839 1603 1854 .

336 1895 405 1956 eius
428 1891 524 1954 verba
547 1893 579 1952 in
603 1889 750 1952 Eunuchi
773 1890 903 1971 prologo
927 1890 965 1970 (u.
991 1889 1032 1949 23
1057 1889 1136 1972 sqq.)
1159 1889 1261 1954 affert:
1287 1893 1421 1958 Luscius

495 1979 679 2060 „Exclamat
700 1977 836 2056 furem,
859 1996 932 2050 non
955 1983 1101 2060 poetam
1124 1977 1264 2041 fabulam

495 2066 626 2131 Dedisse
651 2071 682 2130 et
704 2065 751 2128 nil
774 2065 897 2130 dedisse
920 2065 1090 2130 verborum
1113 2071 1233 2130 tamen:

494 2155 638 2219 Colacem
663 2174 731 2218 esse
754 2153 856 2219 Naevi
879 2161 910 2219 et
933 2155 1048 2239 Plauti,
1070 2163 1208 2221 veterem
1230 2155 1383 2236 fabulam3

494 2244 629 2309 Parasiti
651 2264 816 2329 personam
840 2245 915 2310 inde
938 2245 1073 2311 ablatam
1098 2250 1128 2310 et
1151 2245 1327 2324 militis.“⁴¹)

335 2335 452 2420 quibus
465 2333 571 2399 verbis
581 2333 746 2400 Terentius
757 2335 926 2421 respondet
938 2340 968 2400 et
979 2336 1011 2398 in
1026 2335 1174 2399 Eunuchi
1186 2337 1314 2420 prologo
1326 2336 1368 2419 (v.
1380 2337 1420 2398 27
1432 2337 1507 2420 sqt:

494 2425 547 2509 „Si
569 2425 601 2488 id
625 2430 672 2489 est
694 2432 867 2510 peccatum,
890 2431 1053 2508 peccatum
1076 2427 1308 2511 inprudentiast

494 2515 618 2595 Poetae,
641 2533 714 2577 non
739 2533 811 2597 quo
834 2513 974 2577 furtum
999 2513 1124 2578 facere
1147 2517 1362 2579 studuerit“

334 2609 365 2668 et
388 2605 421 2666 iu
445 2604 611 2686 Adelphon
634 2600 764 2685 prologo
789 2603 851 2680 (vv.
879 2599 1006 2685 l2ll3l²
1032 2601 1233 2682 „Pernoscite

494 2691 701 2756 Furtumne
724 2689 864 2752 factum
888 2691 1150 2753 existumetis“
1174 2710 1220 2774 sq.

424 2868 456 2936 ¹⁸)
475 2867 556 2922 Fabia
574 2865 602 2934 (l.
616 2881 637 2918 s.
651 2881 672 2920 s.
685 2881 711 2932 p.
724 2862 796 2923 219.)
815 2864 891 2931 putat
909 2849 1075 2938 adversarios
1087 2865 1191 2919 furtum
1204 2866 1284 2920 etiam
1297 2869 1359 2920 aute
1370 2867 1510 2936 Adelphou

334 2941 465 2995 actionem
477 2937 601 2994 Terentio
620 2935 724 3002 crimini
743 2935 861 3000 dedisse3
880 2935 931 2990 hoc
950 2935 972 2989 si
990 2935 1028 2988 ita
1046 2938 1095 3004 est,
1114 2935 1152 2990 illi
1170 2939 1240 2992 hanc
1252 2937 1370 2992 fabulam
1381 2939 1435 2993 iarn
1448 2941 1510 2994 ante

334 3013 447 3082 primam
466 3010 598 3065 actionem
617 3007 772 3078 cognovisse
791 3006 932 3071 debebant,
951 3007 978 3062 id
997 3009 1066 3077 quod
1084 3009 1127 3063 vir
1144 3011 1237 3065 doctius
1256 3013 1292 3078 (p.
1302 3010 1354 3064 231
1365 3028 1391 3063 n.
1404 3011 1429 3078 1)
1448 3026 1510 3078 pro-

333 3085 405 3139 iecto
433 3084 533 3138 censet.
572 3081 648 3135 Hanc
676 3079 836 3134 sententiam
865 3082 944 3133 antea
965 3080 1019 3134 iarn
1042 3080 1271 3136 Paecluehnannus
1290 3081 1317 3148 (l.
1338 3097 1358 3133 s.
1378 3096 1399 3132 a.
1419 3097 1444 3147 p.
1465 3081 1510 3148 14)

332 3155 444 3224 protulit
471 3169 582 3220 eamque
610 3152 761 3206 defendunt
784 3153 816 3204 A.
837 3151 957 3205 Greifeld
986 3151 1055 3218 t,‚De
1075 3152 1191 3204 Andriae
1210 3153 1268 3204 Ter.
1287 3151 1393 3218 gemino
1417 3151 1511 3203 exitu“

332 3227 407 3279 Halis
435 3225 497 3279 Sax.
528 3224 596 3278 1886
615 3240 641 3291 p.
660 3222 706 3290 25)
734 3224 762 3276 et
789 3222 944 3289 nuperrime
971 3223 1003 3275 R.
1023 3223 1114 3276 Kauer
1139 3222 1263 3288 (Wiener
1280 3219 1392 3273 Studien
1410 3219 1511 3274 XXIII

334 3297 424 3366 [1901]
438 3313 463 3364 p.
477 3296 531 3363 89),
551 3295 596 3364 qui
614 3293 781 3348 adversarios
793 3291 928 3359 Adelphos
947 3293 1033 3346 autin
1047 3290 1281 3346 exercitationibus
1294 3305 1362 3358 quae
1375 3291 1511 3359 propriam

333 3369 464 3423 actionem
483 3364 691 3431 antecedebant,
717 3365 763 3417 aut
780 3362 860 3416 simili
879 3363 955 3416 modo
974 3366 1053 3431 atque
1072 3362 1232 3416 Eunuchum
1251 3361 1406 3430 cognovisse
1425 3365 1510 3430 putat.

332 3440 384 3494 Sed
409 3456 443 3493 ex
461 3438 585 3492 Eunuchi
607 3435 714 3504 prologo
738 3434 847 3487 minime
870 3432 959 3487 elucet
976 3433 1071 3487 Luscio
1090 3434 1119 3486 iu
1137 3434 1293 3486 universum
1311 3431 1419 3504 licuisse
1438 3435 1509 3488 eius-

332 3511 403 3565 modi
429 3508 664 3564 exercitationibus
687 3507 819 3559 interesse
844 3504 889 3570 (ci.
908 3505 981 3559 infra
997 3521 1023 3572 p.
1043 3505 1097 3573 46).
1135 3505 1280 3558 Praeterea
1300 3505 1408 3558 Terenti
1426 3505 1510 3573 ipsius

332 3582 422 3637 verbis
441 3582 491 3650 „de
511 3596 540 3634 se
559 3580 616 3648 ipse
635 3577 732 3632 indicio
751 3576 828 3630 1016ιι
846 3577 970 3629 reamur
986 3576 1019 3630 de
1033 3576 1247 3630 adversariorum
1259 3575 1370 3630 crimina
1385 3576 1509 3646 cogitare.

332 3656 369 3707 At
391 3655 441 3707 hoc
465 3653 487 3706 si
510 3652 548 3705 ita
571 3653 625 3717 est,
653 3665 763 3703 curnam
783 3649 861 3715 poeta
879 3647 986 3701 omnino
1005 3647 1149 3715 profitetur
1167 3661 1195 3700 se
1216 3663 1250 3700 ex
1268 3647 1368 3715 Diphili
1386 3647 1477 3702 fabula
1495 3664 1511 3702 a

332 3725 427 3779 Plauto
451 3724 503 3777 iarn
527 3721 644 3776 adhibita
668 3719 781 3787 aliquam
806 3734 930 3774 scaenam
949 3719 978 3771 in
996 3717 1131 3786 Adelphos
1150 3733 1225 3772 suam
1243 3718 1411 3772 intexuisse?
1448 3719 1511 3788 quia

333 3797 417 3862 timet,
441 3811 476 3849 ne
495 3793 533 3847 illi
551 3791 641 3847 fabula
659 3793 718 3844 acta
735 3791 839 3844 furtum
858 3789 908 3843 sibi
926 3788 1042 3843 obiciant
1059 3806 1143 3858 aeque
1163 3791 1242 3858 atque
1261 3790 1290 3842 in
1308 3789 1437 3844 Eunucho
1455 3806 1510 3844 non

332 3867 416 3920 multo
435 3867 497 3920 ante
516 3868 576 3920 acta
593 3864 638 3933 (ci.
658 3863 730 3916 iutra
748 3879 773 3929 p.
792 3861 847 3930 32).
866 3891 898 3900 -
919 3861 954 3915 cf.
974 3863 1064 3915 autem
1082 3861 1245 3916 Karstfflum
1263 3860 1280 3913 l.
1294 3859 1311 3914 l.
1325 3879 1350 3928 p.
1364 3861 1425 3917 210.

423 3937 454 4006 ⁸⁹)
474 3937 569 3990 Basse:
590 3933 758 4003 quaestiones
776 3933 959 3987 Terentianae.
979 3932 1091 3986 Dissert.
1109 3933 1196 4002 inaug.
1215 3931 1286 4000 Lips.
1299 3933 1368 3988 1874
1383 3950 1409 4001 p.
1422 3933 1454 3987 16
1469 3949 1509 4001 sq.

421 4008 456 4111 ff)
475 4009 510 4062 cf.
531 4009 620 4089 autem
639 4004 790 4060 Schindleri
809 4005 836 4074 (l.
856 4019 877 4058 s.
897 4019 918 4056 s.
938 4019 964 4070 p.
984 4004 1019 4057 34
1037 4007 1092 4088 sqq
1108 4003 1344 4086 ratiocinationem.

333 4074 1510 4213 ...athauliumtacitistacitisustauhanai

333 4239 353 4277 s.
373 4239 395 4279 s.
413 4239 439 4292 p.
458 4222 494 4276 26
513 4221 593 4288 (Diss.
612 4219 675 4289 phil.
696 4221 807 4288 Argent.
826 4217 868 4274 IX
888 4233 913 4287 p.
934 4217 996 4286 318)
1016 4217 1146 4286 exposuit.
