3280 5048
629 335 849 400 ..19-

154 515 413 580 tontimorumeni
449 514 616 598 prologum
653 513 815 598 eliquanto
850 518 923 578 ante
957 513 1126 598 Adelphon
1159 515 1326 600 prologum

154 605 362 688 compositum
385 621 461 668 esse.

242 692 327 756 Num
351 692 435 777 quod
458 689 589 779 aiunt-⁰²⁶)
611 710 653 758 ex
676 711 722 772 eo,
745 693 830 776 quod
853 693 887 756 in
910 691 966 758 illo
987 692 1117 778 prologo
1139 693 1181 775 (v.
1194 693 1248 776 22)
1269 691 1327 758 Te·

154 783 275 846 renhus
291 801 369 846 usus
384 783 429 846 sit
444 782 613 862 ‚dictitaret
627 783 661 846 in
678 782 738 845 hoc
748 783 877 866 prologo
889 782 931 864 (v.
944 782 995 857 15)
1007 782 1139 865 ,diceret
1151 784 1326 868 necessario

155 869 237 935 effici
264 871 350 934 hunc
377 872 541 955 prologum
570 877 643 936 ante
670 871 761 935 illum
789 873 940 955 scriptum
963 889 1046 952 esse,
1074 872 1134 936 hoc
1155 872 1327 938 admodum

156 965 204 1024 cst
225 959 316 1026 futile
338 965 568 1046 argumentum.
602 958 729 1024 Etenim
754 979 796 1024 ex
818 960 873 1024 illo
896 959 1035 1043 ‚dichtat‘
1057 960 1137 1024 nihil
1156 961 1243 1026 eliud
1261 960 1328 1026 effi-

156 1049 238 1114 citur
256 1051 326 1132 nisi,
345 1056 381 1115 ut
398 1055 490 1116 retus
509 1053 600 1133 poeta
616 1049 698 1114 illud
710 1050 828 1114 crimen
841 1048 1053 1132 compluriens
1063 1050 1188 1133 dixerit,
1198 1050 1328 1116 minime

155 1155 238 1223 vero,
258 1143 294 1203 ut
307 1137 473 1204 Terentius
491 1139 551 1203 hoc
568 1135 688 1206 crimen
708 1142 801 1203 anteo
814 1139 879 1203 iam
894 1138 1091 1220 refutaverit
1110 1159 1216 1224 neque
1230 1141 1328 1225 igitur

153 1227 312 1313 sequitur,
343 1234 380 1293 ut
408 1219 635 1312 hio'p'rologus
663 1232 736 1292 onte
764 1227 857 1292 illum
883 1226 989 1314 factus·
1013 1230 1062 1294 sit
1113 1227 1240 1294 Etenim
1268 1232 1327 1294 etsi

155 1317 319 1383 Terentius
347 1318 410 1383 iem
438 1321 472 1382 in
496 1317 850 1382 Heautontimorumeni
877 1315 1007 1402 prologo
1034 1318 1110 1382 huic
1131 1320 1257 1384 crimini
1279 1337 1327 1384 re-

153 1409 335 1492 sponderat,
362 1413 469 1473 tamen
491 1405 560 1472 fieri
583 1407 700 1491 potuit,
722 1411 758 1470 ut
780 1405 953 1470 adversarii
975 1412 1083 1490 postea
1104 1408 1236 1474 eundem
1259 1426 1325 1474 rem

153 1497 258 1562 denuo
280 1495 425 1562 Terentio
448 1497 574 1560 crimini
596 1494 778 1560 tribuerent

244 1652 298 1710 ΙΙΙ.
317 1653 366 1711 De
383 1651 461 1710 iurti
481 1651 627 1710 marine.

245 1745 333 1810 Inter
355 1746 488 1810 crimino
510 1745 549 1809 ab
573 1744 760 1810 adversariis
783 1745 821 1808 ed
844 1743 969 1810 Terenti
989 1746 1117 1812 leudem
1135 1747 1326 1829 imminuen-

156 1835 228 1898 dum
252 1854 361 1919 sparse
383 1837 478 1900 etiam
496 1835 575 1900 illud
593 1840 670 1916 erat,
692 1833 777 1918 quod
795 1833 976 1900 Terentium
994 1835 1116 1900 furtum
1133 1838 1327 1902 commisisse

156 1923 314 1988 dixerunt.
349 1923 482 1988 Furtum
507 1930 612 1990 eutem
636 1924 715 2008 quid
738 1923 800 1988 sibi
821 1924 950 2006 relitssl)
973 1930 1100 2010 apparet
1118 1944 1159 1990 ex
1179 1925 1326 1992 Eunuchi

153 2017 184 2077 et
211 2012 377 2098 Adelphon
405 2014 556 2098 prologis,
582 2014 617 2076 in
646 2012 762 2097 quibus
789 2011 953 2080 Terentius
980 2012 1020 2077 ab
1048 2016 1107 2079 hoo
1134 2016 1265 2080 crimine
1292 2034 1327 2080 se

153 2112 274 2187 purgat
309 2102 348 2167 In
371 2104 476 2189 priore
498 2101 632 2168 Luscius
654 2101 799 2168 Terentio
822 2099 952 2167 crimini
974 2103 1036 2184 dat,
1059 2104 1144 2188 quod
1167 2123 1208 2168 ex
1226 2104 1327 2170 Naevi

153 2196 184 2254 et
202 2191 308 2257 Plauti
325 2192 437 2260 Ooleee
455 2197 560 2276 partes
578 2191 731 2276 quasdem
751 2190 940 2274 obstulisset,
960 2211 1055 2276 quam
1075 2193 1115 2258 ob
1131 2213 1197 2259 rem
1212 2193 1326 2258 Teren·

152 2282 232 2344 tium
260 2281 377 2366 iurem,
404 2302 468 2346 non
495 2286 620 2366 poetam
649 2299 718 2346 esse
745 2280 829 2345 dicit
879 2279 931 2344 Ex
960 2300 1023 2364 quo
1050 2285 1252 2367 perspicuum
1280 2289 1328 2349 est

151 2367 266 2436 Luscio
295 2377 422 2436 auctore
448 2376 560 2455 poetae
587 2368 700 2434 Ietino
727 2387 791 2432 non
819 2369 947 2434 licuisse
974 2375 1078 2453 partes
1107 2372 1260 2455 quosdam
1285 2392 1327 2438 ex

150 2457 267 2524 fabulis
300 2479 382 2543 quae
414 2459 564 2524 dicuntur
595 2456 732 2542 palliatis
760 2475 895 2521 sumere.
949 2454 1037 2533 Quae
1067 2478 1138 2524 oum
1170 2463 1256 2546 ipsae
1285 2481 1327 2527 ex

150 2546 268 2613 fabulis
287 2548 415 2614 Graecis
433 2565 613 2630 conversae,
631 2565 696 2610 non
712 2549 876 2630 poetarum
892 2544 1077 2612 Latinorum
1092 2551 1220 2632 ingenio
1235 2549 1342 2616 fictae

150 2641 265 2720 essent,
287 2643 415 2723 apparet
438 2644 546 2723 poetae
569 2633 684 2702 [atino
707 2655 772 2699 non
795 2635 895 2719 magis
918 2635 1047 2701 licuisse
1069 2637 1210 2704 fabulam
1229 2639 1325 2706 Gree-

150 2745 220 2790 cem
243 2727 307 2812 (vel
330 2729 400 2793 eius
423 2726 557 2812 partem)
580 2726 643 2790 inm
668 2723 707 2789 ob
731 2723 793 2788 elio
816 2729 908 2808 poeta
925 2726 1045 2790 comico
1065 2725 1177 2794 muno
1196 2748 1326 2795 conver-

150 2835 219 2879 sam
239 2817 343 2882 denuo
362 2825 545 2882 convertere
561 2816 659 2899 inque
678 2832 823 2878 scaenam
843 2813 971 2880 deferre.
1006 2815 1160 2902 Idemque
1174 2818 1326 2903 probatur

150 2905 206 2968 illo
238 2910 374 2991 utroque
405 2908 547 2989 prologo:
579 2906 612 2969 in
643 2902 797 2968 Eunuchi
826 2905 910 2970 enim
939 2905 1069 2989 prologo
1098 2906 1262 2972 Terentius
1292 2928 1326 2972 se

151 2994 293 3056 defendit
310 2996 363 3076 ita,
382 3002 418 3056 ut
436 2995 519 3057 dicat
537 2993 579 3074 (v.
598 2994 651 3075 30)
670 3011 705 3056 se
723 2992 794 3056 illas
808 3011 959 3077 personas
975 2995 1008 3058 in
1025 2993 1218 3060 Eunuchum
1234 3016 1324 3061 snam

152 3099 200 3145 ex
231 3083 313 3167 ipse
345 3081 487 3146 Graeca
519 3081 595 3163 (scil
619 3080 730 3146 Gelam
754 3080 934 3164 Menandri)
966 3084 1228 3167 transtulisse,
1260 3105 1324 3150 non

78 3229 81 3236 .
151 3171 250 3254 igitur
277 3191 318 3236 ex
346 3170 452 3236 Plauti
479 3177 510 3235 et
533 3169 638 3236 Naevi
665 3171 849 3250 comoediis;
878 3169 966 3234 addit
993 3175 1097 3236 eutem
1126 3191 1160 3237 se
1187 3193 1325 3260 negare

149 3279 220 3325 sese
242 3262 339 3326 scisso
362 3262 428 3324 has
450 3259 599 3325 fabulas
620 3261 730 3344 prius
752 3257 906 3325 Latinas
929 3259 1050 3326 lactes
1073 3279 1163 3326 esse.

241 3349 282 3414 Et
299 3351 334 3414 in
354 3350 521 3434 Adelphon
539 3348 669 3434 prologo
688 3349 764 3412 dicit
782 3367 816 3412 se
835 3368 932 3413 unom
948 3367 1094 3414 scaenam
1113 3370 1158 3416 ex
1177 3351 1324 3439 Diphili

152 3436 496 3505 Commorientibur
511 3438 619 3504 fabule
632 3441 696 3502 iam
713 3437 857 3502 aPlauto
871 3443 1022 3523 usurpate
1037 3443 1210 3526 sumpsisse
1221 3461 1325 3528 neque

150 3546 227 3592 vero
246 3547 280 3592 se
298 3529 418 3593 furtum
433 3529 554 3612 fecisse,
574 3529 649 3612 quia
668 3546 752 3592 eum
770 3527 909 3610 locum,
928 3547 1023 3612 quem
1037 3530 1105 3614 ipse
1120 3532 1323 3615 transtulerit,

149 3617 313 3682 Plautus
336 3619 493 3702 integrum
517 3617 697 3701 reliquisset
720 3617 760 3696 (h.
780 3634 805 3680 e.
828 3636 903 3681 non
925 3620 1202 3701 convertisset).

241 3705 363 3773 Deinde
386 3713 457 3773 uter
480 3712 587 3771 uirum
610 3705 760 3791 prologus
784 3707 992 3790 antecesserit,
1019 3709 1244 3792 inquirendum
1268 3715 1323 3775 est

150 3795 203 3860 Ex
221 3795 369 3862 omnibus
388 3796 538 3860 Eunuchi
555 3795 679 3880 prologi
696 3793 851 3870 versibus,
874 3794 990 3880 quibus
1008 3795 1172 3861 Terentius
1191 3798 1230 3861 de
1248 3797 1323 3862 furti

148 3886 282 3951 crimine
304 3885 402 3951 verbe
423 3885 498 3950 fecit
521 3885 563 3966 (v.
584 3885 625 3949 19
644 3881 726 3968 sqq.)
749 3888 878 3968 apparet
899 3889 1023 3968 poetam
1046 3886 1105 3949 hoe
1128 3889 1246 3952 crimen
1265 3889 1323 3952 mi-

241 4062 272 4131 ⁸⁶)
290 4061 488 4118 Pasokelmann
505 4061 535 4114 in
552 4059 658 4115 dissert
676 4060 764 4129 inaug.
784 4076 809 4128 p.
829 4060 862 4114 37
883 4076 940 4130 sqq.

239 4134 272 4202 ⁸¹)
289 4135 347 4188 Hac
363 4133 397 4187 ds
414 4149 445 4186 ro
462 4133 498 4187 ct
511 4130 658 4186 Roehricht
668 4130 687 4185 l.
700 4145 721 4185 s.
734 4147 756 4185 s.
773 4147 799 4200 p.
813 4132 828 4184 7
846 4146 903 4202 sqq.
921 4130 1037 4198 (dissert
1050 4131 1140 4200 philol.
1153 4134 1322 4202 Argentorat.

145 4208 198 4262 IX.
217 4224 244 4275 p.
262 4205 315 4261 299
338 4203 416 4274 sqq.)
435 4233 469 4244 -
488 4203 518 4258 E.
537 4200 640 4257 Hauler
661 4203 690 4255 in
712 4202 820 4257 Phorm.
840 4203 881 4256 ed.
901 4203 985 4271 praei.
1004 4218 1030 4272 p.
1051 4203 1092 4258 19.
1112 4234 1146 4243 —
1165 4203 1248 4260 Tabia
1264 4205 1281 4261 l.
1301 4222 1322 4259 s.

145 4298 168 4334 s.
189 4298 214 4348 p.
233 4277 353 4350 melreo
372 4274 512 4345 (imprimis
531 4291 556 4343 p.
575 4271 626 4326 221
647 4274 676 4327 et
692 4272 746 4326 224
765 4275 833 4342 sqq.)
