3280 5048
665 298 885 361 ..31-

278 480 308 562 a)
331 478 714 544 Heautontimorumenon
738 477 900 560 aliquanto
923 481 996 540 ante
1020 477 1058 560 (p.
1084 476 1124 539 18
1148 478 1216 560 sep),

278 570 309 649 1))
333 567 526 633 Eunuchum
550 585 615 631 non
638 566 739 631 multo
757 571 830 631 ante
853 565 894 650 (p.
921 565 962 630 19
986 563 1052 652 sq.).

278 657 336 723 VI.
383 657 556 739 Hecyrae
579 656 780 740 prologum
803 656 967 741 priorem
989 661 1118 739 apparet

281 750 309 813 1.
345 747 421 810 Post
442 747 577 831 primam
595 744 742 827 Hecyrae
763 746 919 810 actionem
942 743 984 828 (p.
1011 745 1073 828 12),

281 840 310 902 2.
343 836 419 901 Post
441 835 576 900 aliarum
604 853 733 919 quoque
755 834 935 898 fabularum
958 835 1096 898 actiones
1119 835 1161 919 (p.
1182 836 1245 918 12),
1268 835 1362 898 sicuti

191 931 275 991 certe
297 931 367 1011 poet
384 923 531 1006 Hecyrae
553 925 601 1006 (cl.
622 925 653 1006 1)
669 931 700 989 et
717 923 1071 989 Heautontimourmeni
1089 926 1206 1008 primas
1222 925 1362 987 actiones

191 1018 231 1100 (p.
256 1018 309 1169 1}
321 1016 418 1168 Siikst
452 1122 562 1168 omnes
598 1109 773 1168 ceterarum
802 1102 982 1168 tabularum
1014 1104 1167 1186 actiones,
1202 1103 1243 1166 ad
1282 1122 1363 1187 quas

189 1195 311 1280 prologi
334 1197 477 1279 spectent
499 1196 540 1277 (p.
567 1194 606 1256 12
631 1196 697 1277 sq.),
720 1194 870 1278 scriptum
894 1211 970 1259 esse

278 1281 353 1348 VII.
376 1281 551 1364 Hecyrae
564 1284 746 1368 prologus
760 1283 948 1367 posterior
964 1283 1101 1367 scriptus
1112 1283 1363 1348 sitnecesseest:

281 1376 309 1438 1.
333 1372 411 1437 Post
433 1371 581 1456 Hecyrae
603 1373 769 1457 prologum
793 1371 929 1455 priorem
953 1372 995 1457 (p.
1020 1373 1082 1450 12).

279 1466 309 1528 2.
332 1461 514 1526 Verisimile
537 1467 585 1526 est
608 1463 731 1525 tertiam
755 1459 901 1542 Hecyrae
923 1463 1078 1525 actionem
1102 1461 1275 1526 secundam
1293 1460 1363 1524 bre-

189 1555 320 1616 vissimo
343 1553 445 1637 spatio
468 1552 632 1615 interiecto
655 1548 856 1614 subsecutam
879 1567 948 1614 esse
971 1551 1009 1634 (p.
1036 1551 1075 1613 12
1100 1551 1166 1634 sq.).

280 1641 341 1706 His
375 1641 523 1706 omnibus
551 1639 673 1705 collatis
699 1640 869 1725 plenamne
895 1638 1099 1723 prologorum
1126 1646 1158 1704 et
1184 1639 1363 1704 fabularum

192 1733 305 1796 seriem
328 1731 582 1816 chronologicam
604 1735 743 1794 statuere
764 1729 931 1813 possimus,
955 1729 1127 1794 videamus.

284 1822 313 1884 1.
339 1819 483 1886 Primum
498 1821 668 1885 statuimus
679 1819 821 1883 Audnae
839 1819 1005 1903 prologum
1024 1817 1207 1883 antecedere
1218 1819 1364 1902 prologos

192 1908 553 1992 Heautontimorumeni‚
569 1909 779 1991 Phormionie,
802 1907 963 1990 Eunuchi,
985 1907 1170 1992 Adelphon3
1195 1908 1309 1973 deinde
1329 1915 1365 1972 ut

190 1999 337 2082 Hecyrae
369 2000 513 2085 primam,
540 2001 584 2063 ita
618 1996 767 2081 Hecyrae
798 1997 972 2062 secundam
998 2001 1031 2062 et
1057 1998 1181 2062 tertiam
1209 1998 1362 2062 actiones:

191 2109 301 2154 omnes
332 2091 430 2174 igitur
460 2088 606 2173 prologos
641 2091 814 2172 omnesque
841 2093 1017 2152 ceterarum
1044 2086 1223 2150 fabularum
1246 2089 1364 2172 primas

191 2181 338 2243 actiones.
393 2177 464 2242 Hac
495 2179 593 2262 igitur
626 2196 661 2241 re
691 2176 734 2259 id,
768 2175 853 2261 quod
888 2176 955 2242 solo
990 2194 1030 2240 ex
1065 2175 1208 2241 Andriae
1236 2178 1364 2262 prologo

191 2285 597 2438 cognppphpraplpushpgppgpp
618 2265 1009 2420 tiili?Iuilriiittilriiorumeuon
1049 2353 1194 2437 Hecyrae
1230 2357 1364 2440 primam

193 2445 348 2509 actionem
389 2445 550 2528 excepisse
588 2443 741 2524 vidimus,
779 2446 980 2529 perspicuum
1020 2449 1068 2508 est
1104 2444 1248 2526 Hecyrae
1285 2445 1364 2509 duas

192 2533 380 2617 posteriores
402 2533 541 2596 actiones
558 2536 630 2616 post
644 2529 1030 2598 Heautontimorumenou
1053 2533 1151 2598 factas
1174 2552 1250 2597 esse.
1283 2532 1363 2598 (lum
1456 2539 1458 2546 ’

192 2627 298 2686 autem
317 2623 410 2686 etiam
430 2621 588 2704 Eunuchi,
611 2619 822 2705 Phormionis,
841 2623 1009 2708 Adelphon
1029 2624 1150 2708 prologi
1168 2628 1239 2708 post
1257 2620 1364 2689 Heau-

192 2713 451 2777 tontimorumeni
479 2710 646 2796 prologum
676 2713 782 2797 scripti
815 2713 893 2794 sint,
924 2714 1081 2797 sequitur,
1114 2719 1150 2777 ut
1177 2709 1364 2777 Heautonti-

191 2803 368 2867 morumeni
401 2803 551 2886 prologus
583 2801 759 2866 secundum
790 2802 898 2866 locum
934 2801 1080 2866 obtineat.
1118 2801 1219 2866 *Inter
1250 2803 1364 2867 harum

190 2890 370 2954 fabularum
394 2893 533 2955 actiones
556 2889 685 2972 Hecyra
706 2892 844 2975 primum
868 2896 980 2956 exacta
1003 2897 1058 2956 est.

282 2980 311 3042 2.
335 2977 460 3059 Agmen
483 2985 589 3042 autem
612 2979 766 3042 claudunt
793 2981 875 3044 duae
897 2979 1043 3062 Hecyrae
1066 2982 1195 3045 iteratae
1218 2983 1364 3046 actiones.

282 3066 311 3129 3.
334 3063 467 3129 Restant
488 3067 586 3148 igitur
611 3067 733 3149 prologi
756 3067 919 3151 Eunuchi,
946 3069 1160 3153 PhormioniS,
1190 3070 1364 3154 Adelphon,

193 3154 249 3238 qui
278 3159 308 3218 et
337 3159 409 3240 post
437 3153 819 3219 Heautontimorumenon
853 3163 884 3221 et
915 3164 988 3223 ante
1019 3157 1164 3242 Hecyrae
1192 3160 1363 3223 secundam

191 3243 346 3307 actionem
377 3245 484 3328 scripti
513 3243 775 3328 pronuntiatique
798 3251 880 3311 sunt.
926 3246 1011 3311 Illud
1034 3254 1138 3313 autem
1163 3249 1265 3313 solum
1290 3268 1364 3312 cou-

191 3338 253 3396 stat
282 3331 476 3398 Eunuchum
507 3352 571 3397 non
607 3331 709 3397 multo
745 3339 818 3399 ante
847 3335 1009 3421 Adelphos
1042 3345 1145 3403 actam
1175 3356 1251 3403 esse.
1302 3336 1362 3403 Sed

191 3422 268 3506 quid
290 3423 331 3486 de
353 3421 557 3489 Phormionie
580 3424 709 3508 prologo
732 3424 937 3490 iudicandum
962 3429 1012 3510 sit,
1036 3428 1169 3493 dubium
1193 3433 1248 3491 est

280 3511 308 3593 a)
328 3509 380 3575 Ex
394 3511 595 3578 Phormionis
613 3513 734 3598 prologi
753 3535 803 3577 vv.
821 3515 962 3599 30-34,
982 3517 1097 3601 quihus
1112 3523 1204 3601 poeta
1218 3515 1364 3598 Hecyrae

191 3601 346 3665 actionem
369 3601 526 3666 infelicem
550 3607 582 3667 et
599 3601 983 3669 Heautontimorumenon
1003 3626 1074 3670 cum
1094 3625 1243 3670 successu
1262 3611 1363 3669 actam

190 3689 356 3773 significat,
379 3688 637 3756 Herrmanowslri
660 3693 693 3772 (l.
716 3712 740 3757 s.
764 3712 788 3757 s.
806 3714 836 3777 p.
856 3695 909 3776 31)
933 3693 1030 3758 efficit
1051 3715 1116 3760 non
1139 3695 1233 3759 modo
1257 3693 1363 3758 Heau-

190 3779 438 3844 tontimorumon
457 3785 530 3845 ante
549 3780 773 3844 Phormionem
792 3788 823 3846 et
840 3788 912 3866 post
929 3781 1089 3865 Hecyram
1109 3784 1146 3866 (Ι)
1166 3790 1268 3848 acum
1287 3802 1363 3859 esse,

191 3866 246 3930 sed
268 3868 363 3931 etiam
381 3869 569 3933 continuum
588 3869 731 3934 ordinem
749 3871 862 3934 harum
881 3872 978 3934 trium
996 3872 1175 3938 fabularum
1194 3873 1284 3937 nulla
1302 3874 1364 3937 alia

190 3954 377 4019 Terentiana
404 3956 512 4021 fabula
539 3958 773 4042 interpellatum
798 3977 873 4023 esse.
923 3957 1037 4044 Neque
1063 3981 1139 4026 vero
1166 3963 1243 4027 haec
1269 3964 1363 4026 ratio-

191 4046 306 4108 cinatio
330 4047 506 4110 necessaria
529 4052 588 4129 est,
613 4048 645 4111 id
670 4048 840 4132 quodiam
864 4045 1057 4130 Dziatzlro⁶⁸l
1079 4051 1244 4116 intellexit.
1290 4051 1362 4116 Non

192 4241 259 4295 1893
278 4166 313 4294 ἔ)
332 4166 458 4294 lipiatzho
481 4167 509 4219 in
538 4167 680 4234 ,Berliner
699 4169 919 4223 Wochenschrilt
945 4171 993 4224 fiir
1019 4169 1163 4226 lrlaasische
1191 4173 1362 4244 Philologie“.

297 4253 349 4311 pr
373 4280 378 4293 .
