3280 5048
675 337 898 402 -59..

289 516 331 582 Il.
350 515 446 582 Nunc
464 517 659 598 accedamus,
681 517 709 582 si
726 515 838 600 placet,
860 516 900 581 ad
919 531 1029 580 eorum
1048 516 1188 581 virorum
1208 517 1372 581 doctorum

201 609 399 689 sententiam,
422 607 479 690 qui
496 610 621 691 poetam
639 623 673 670 se
692 606 774 670 hanc
790 604 932 669 fabulam
951 607 1182 670 contaminasse
1201 606 1261 670 hoc
1278 620 1373 670 versu

201 695 306 781 ipsum
322 695 498 780 professum
514 713 583 762 esse
597 700 719 780 putant,
735 699 879 778 quaeest
894 695 1049 758 sententia
1063 693 1373 776 Hennaccwsiiiu)

202 791 234 850 et
256 785 467 870 Skutschii.²⁶)
502 783 670 850 Concludit
692 785 777 848 enim
801 783 990 848 Skutschius
1007 784 1066 847 ita:
1090 782 1163 866 „Ich
1183 784 1293 866 dente,
1316 783 1375 847 wir

202 875 304 938 haben
336 875 440 939 sicher
472 875 638 956 erwiesen,
669 873 742 937 dass
773 871 830 937 das
862 871 961 937 Stticlr
993 872 1137 936 wirlrlioh
1164 891 1226 937 von
1254 871 1373 937 Terent

203 964 365 1050 „doppelt“
395 963 541 1050 gemacht
572 963 700 1050 norden
732 961 782 1026 ist
836 960 879 1026 So
911 962 996 1025 kann
1030 979 1063 1026 es
1095 962 1160 1026 also
1188 961 1273 1025 wohl
1299 962 1373 1026 lroiu

203 1051 329 1117 Zwsiiel
356 1054 438 1135 sein,
465 1053 537 1116 dass
564 1053 623 1115 wir
649 1053 682 1115 in
710 1049 779 1116 ι.6
808 1069 866 1116 ans
888 1049 1018 1115 Terena'
1047 1052 1174 1135 eigenor
1195 1049 1296 1115 Feder
1322 1050 1375 1115 die

202 1141 445 1206 ausdriiclrliohe
467 1141 678 1225 Restatigung
701 1140 794 1204 dafiir
816 1139 932 1223 haben,
960 1140 1033 1204 dass
1056 1140 1113 1204 der
1135 1137 1373 1204 Heautontimo-

202 1247 354 1296 rumenos
376 1227 600 1296 hortaminiert
622 1229 689 1295 ist‘.

291 1319 436 1385 Primum
455 1337 655 1405 quaeramus,
674 1316 791 1402 quibus
809 1319 1005 1402 argumentis
1020 1317 1123 1384 allatis
1138 1318 1221 1383 hano
1234 1318 1375 1384 fabulam

169 1411 172 1417 '
203 1411 447 1473 contaminatam
485 1427 554 1473 esse
588 1409 638 1472 vir
675 1409 787 1472 doctus
825 1408 1089 1472 demonstravisse
1125 1408 1187 1472 sibi
1221 1409 1375 1472 videatur.

203 1497 422 1562 Ratiocinatur
440 1499 525 1562 enim
543 1498 596 1579 ita,
614 1503 651 1562 ut
669 1496 711 1582 (p.
732 1498 761 1580 l)
781 1497 865 1561 dieat
880 1495 1072 1579 Terentium,
1090 1499 1118 1561 si
1133 1497 1373 1561 Heautontimo

203 1603 358 1651 rumenon
376 1605 418 1651 ex
433 1586 557 1651 duabus
570 1585 686 1650 fabulis
703 1585 831 1650 Graecis
846 1605 910 1651 non
926 1587 1179 1669 contaminasset,
1193 1589 1239 1650 eis
1253 1587 1375 1670 prologi

204 1673 365 1758 versibus,
394 1675 511 1760 quibus
539 1675 578 1740 de
606 1677 881 1740 contaminationis
909 1677 1041 1740 crimine
1067 1676 1164 1740 verba
1192 1676 1284 1740 faciat
1312 1679 1374 1757 (vv.

206 1763 361 1848 16-21),
371 1770 455 1830 certe
467 1783 529 1829 non
547 1764 651 1830 solum
666 1783 703 1829 ea
719 1765 877 1829 dicturum
887 1764 994 1847 fuisse,
1010 1784 1091 1848 quae
1106 1784 1142 1830 re
1153 1784 1228 1830 vera
1241 1765 1373 1828 dixerit:

511 1853 561 1937 „id
584 1873 653 1920 esse
674 1855 792 1919 factum
815 1855 867 1919 hic
889 1872 955 1918 non
977 1859 1080 1938 negat,

293 1942 407 2028 Neque
429 1962 463 2008 se
485 1944 592 2027 pigere
614 1949 646 2007 et
668 1944 782 2008 deinde
803 1942 962 2008 facturum
980 1943 1151 2026 autumet‘,
1173 1945 1227 2008 sed
1250 1948 1375 2028 poetam

202 2033 414 2118 gloriaturum
435 2032 533 2098 fufisse
566 2034 647 2097 hano
676 2034 928 2097 adversariorum
951 2033 1213 2116 criminationem,
1245 2034 1303 2098 etsi
1335 2034 1375 2096 ad

203 2121 327 2188 fabulae
350 2127 442 2186 antea
464 2123 562 2187 factas
580 2125 650 2186 iure
668 2127 829 2207 spectaret,
851 2127 957 2186 tamen
976 2123 1017 2186 ad
1035 2141 1114 2206 earn,
1132 2141 1228 2207 quam
1247 2128 1376 2188 acturus

203 2217 294 2295 esset,
317 2212 449 2276 minime
470 2213 636 2296 pertinere.
682 2209 772 2288 Quae
800 2231 874 2275 cum
900 2209 1065 2276 Terentius
1092 2214 1127 2275 in
1153 2212 1283 2297 prologo
1310 2231 1375 2277 non

205 2301 329 2383 dixerit,
361 2302 461 2386 sequi,
492 2306 529 2365 ιιι
551 2301 627 2364 talia
650 2301 755 2365 dicere
776 2302 906 2365 omnino
929 2319 993 2365 non
1016 2303 1173 2386 potuerit3
1209 2321 1284 2385 ergo
1303 2302 1376 2366 reli-

207 2409 307 2474 quum
329 2409 409 2473 esse,
437 2395 474 2454 ιιι
496 2389 874 2454 Heautontimorumenos
897 2392 1110 2455 contaminata
1133 2392 1181 2454 sit
1227 2391 1289 2455 Sed
1313 2391 1376 2455 tale

205 2485 428 2563 argumentum
454 2497 496 2543 ex
523 2478 650 2544 silentio
678 2480 839 2563 scriptoris
863 2480 997 2564 petitum
1025 2497 1150 2564 semper
1172 2487 1220 2544 est
1243 2480 1376 2545 dubium

205 2573 236 2632 ct
257 2569 363 2646 fallax,
394 2570 581 2654 praesertim
614 2588 688 2633 cunr
719 2568 777 2632 tali
803 2570 1041 2634 ratiocinatione
1064 2569 1203 2633 adhibita
1226 2570 1376 2635 hocloco
1467 2594 1470 2598 ·

206 2659 300 2721 etiam
322 2660 517 2724 contrarium
540 2659 624 2744 quod
649 2659 698 2742 sit,
733 2656 815 2722 effici
837 2659 954 2743 possit:
986 2657 1152 2724 Terentius
1175 2661 1270 2742 enim,
1294 2660 1377 2724 dieat

206 2748 380 2832 quispiam,
410 2748 438 2812 ci
471 2749 729 2830 contaminasset,
758 2748 891 2812 dixisset
913 2765 976 2812 non
1001 2748 1095 2813 modo
1117 2767 1152 2813 se
1175 2769 1238 2814 non
1262 2767 1377 2833 negare

205 2835 237 2898 id
259 2836 379 2900 factum
402 2855 471 2901 esse
493 2843 524 2901 et
542 2838 691 2902 audacter
707 2837 823 2902 iterum
837 2838 921 2902 idem
940 2838 1097 2902 facturum
1116 2855 1194 2920 esse,
1212 2839 1267 2902 sed
1283 2840 1376 2902 etiam

205 2925 287 2988 hano
311 2943 438 3008 quoque
460 2926 609 3008 fabulam,
642 2946 737 3010 quam
770 2931 898 2990 acturus
930 2932 1027 3008 esset,
1059 2928 1182 2991 etiarnsi
1206 2928 1378 2992 adversarii

205 3016 337 3098 propter
357 3013 481 3078 fabulas
503 3017 731 3080 contaminatas
754 3033 788 3080 se
805 3017 946 3080 maxime
967 3017 1249 3100 reprehendissent,
1271 3022 1377 3080 tamen

206 3121 283 3166 ase
305 3105 550 3167 contaminatam
573 3123 648 3170 esse.
694 3105 765 3169 Hoc
793 3110 899 3169 autem
926 3124 1001 3168 cum
1028 3124 1092 3168 non
1121 3105 1250 3188 dixerit,
1278 3107 1377 3190 sequi,

205 3196 242 3257 ut
264 3193 420 3256 eiusmodi
443 3193 540 3257 verba
568 3194 671 3258 dicere
698 3195 828 3258 omnino
855 3213 919 3258 non
947 3197 1100 3278 potuerit,
1130 3201 1167 3257 ιιι
1189 3193 1377 3259 Heautonti-

205 3298 409 3345 morumenos
431 3300 495 3345 non
520 3285 733 3372 contaminata
755 3285 804 3348 sit.
843 3282 932 3347 Nihil
949 3285 1047 3368 igitur
1062 3286 1101 3347 de
1123 3284 1249 3348 fabulae
1271 3290 1378 3348 conta·

206 3371 380 3434 minatione
402 3371 458 3435 tali
480 3375 603 3437 ratione
626 3375 682 3457 qui
705 3378 822 3455 utetur,
844 3378 982 3437 statuere
1004 3375 1126 3457 poterit

295 3457 418 3524 Deinde
440 3461 538 3526 verba
561 3482 601 3526 ne
624 3468 757 3547 possunt
780 3463 909 3546 quidem
932 3463 976 3525 ita
993 3462 1144 3547 intellegi,
1166 3467 1203 3526 ut
1217 3464 1278 3526 viri
1294 3463 1377 3526 docti

206 3549 382 3613 voluerunt.
428 3549 541 3635 Neque
572 3553 656 3616 enim
685 3551 1077 3634 Heautontimorumenos,
1111 3554 1139 3616 si
1166 3553 1378 3616 contaminata

205 3642 268 3721 est,
299 3657 343 3702 ex
365 3641 518 3724 ,simplici
549 3642 578 3704 h.
602 3660 642 3722 e.,
674 3647 711 3704 ut
738 3640 927 3706 Skutschius
953 3643 1021 3725 ipse
1053 3642 1209 3726 concedit,
1241 3659 1283 3704 ex
1311 3660 1377 3705 uno

206 3735 391 3812 argumento
413 3729 496 3793 facta
518 3736 574 3812 est,
596 3730 652 3795 sed
675 3749 717 3795 ex
735 3730 859 3794 duabus
881 3729 997 3795 fabulis
1016 3730 1164 3814 Graecis3
1187 3749 1291 3815 neque
1309 3733 1378 3816 ipsa

205 3817 340 3902 ,duplex‘
372 3819 454 3884 facta
486 3826 546 3901 est,
578 3819 633 3883 sed
665 3820 748 3902 ,una‘
783 3821 823 3902 (h.
847 3839 873 3883 c.
900 3819 1047 3904 simplex)
1080 3821 1162 3884 facta
1189 3826 1235 3884 est
1262 3820 1377 3884 fabula.

205 3905 309 3982 Quare
338 3908 386 3990 id,
419 3908 504 3991 quod
533 3908 572 3972 de
601 3907 716 3973 Leonis
744 3909 900 3973 sententia
929 3911 980 3972 vir
1011 3910 1122 3974 doctus
1155 3911 1243 3992 dicit,
1276 3911 1377 3974 multo

206 3998 309 4081 magis
333 3998 365 4060 in
390 3998 492 4082 ipsius
515 3999 702 4070 sententiam
731 3998 842 4063 cadere
864 4000 942 4062 mihi
974 3999 1118 4062 videtur:
1149 4002 1266 4063 etenim
1296 4020 1379 4083 eum,

207 4105 302 4171 quem
327 4089 376 4150 vir
399 4087 511 4150 doctus
533 4088 652 4169 statuit,
674 4107 803 4153 sensum
825 4087 988 4173 praeberet
1010 4106 1120 4152 versus
1142 4089 1231 4152 talis:

294 4207 326 4276 ¹¹)
343 4207 407 4262 diss.
426 4207 514 4277 inaug.
534 4226 558 4277 p.
578 4210 595 4263 5
613 4224 670 4278 sqq.

196 4361 201 4370 ’
295 4279 327 4349 2⁵,
345 4279 378 4334 In
397 4277 543 4351 omologo
562 4282 632 4335 anso
650 4281 715 4335 mx
733 4282 825 4351 (1900)
844 4299 868 4352 ι.
884 4284 897 4335 1
917 4297 974 4352 soc·
994 4283 1065 4350 etp.
1085 4283 1099 4335 7
1119 4297 1159 4351 su·
