3280 5048
632 358 851 421 ..35-

146 541 231 603 *ferri
254 543 394 623 possunt.
442 537 527 600 Huic
548 541 655 600 autem
684 537 871 616 sententiae,
896 554 960 619 qua
988 535 1119 619 probata
1139 534 1326 599 Heautonti-

154 647 358 692 morumenos
382 630 554 711 quominus
576 627 669 690 tertia
690 624 813 689 Terenti
836 624 944 688 fabula
966 623 1110 688 habenda
1132 626 1181 706 sit,
1204 623 1250 687 nil
1273 624 1327 687 ob·

79 711 81 718 ’
156 723 227 799 stat,
250 735 427 800 repugnare
451 716 598 780 videntur
619 712 749 778 Terenti*
765 715 865 798 ipsius
888 713 984 778 verba
1008 713 1052 797 (v.
1077 715 1118 778 18
1142 713 1217 796 sq.):

601 802 657 886 „Id
679 822 748 868 esse
769 802 888 866 factum
910 803 963 866 hic
985 822 1049 866 non
1072 808 1175 886 negat,

313 893 425 980 Neque
447 913 482 959 ae
504 896 610 978 pigere
633 898 664 956 et
687 891 801 956 deinde
822 891 982 956 iacturum
1004 896 1174 956 autumat.“

222 983 307 1048 -Sed
332 983 497 1048 Terentius
519 983 615 1047 huius
637 983 779 1046 criminis
801 983 971 1063 notionem,
994 1001 1058 1044 non
1081 981 1242 1065 propriam
1259 998 1328 1044 ver·

156 1073 270 1137 borum
293 1075 490 1156 sententiam,
513 1071 630 1157 quibus
652 1073 757 1156 iniqui
780 1073 830 1134 usi
853 1076 952 1154 erant,
974 1071 1121 1155 respexit.
1160 1069 1199 1132 Ei
1222 1074 1329 1133 autem
1394 1118 1397 1122 J

156 1163 281 1226 crimini
292 1163 464 1244 dederant,
486 1162 573 1246 quod
591 1181 633 1226 ex
649 1162 759 1225 multis
781 1160 898 1224 tabulis
918 1158 1046 1224 Graecis
1064 1178 1181 1243 paucas
1199 1156 1328 1230 Latinas

155 1253 290 1333 fecisset,
311 1252 344 1314 id
364 1251 449 1336 quod
469 1272 488 1315 a
510 1270 585 1315 vero
604 1250 776 1315 aberrabat.
800 1249 940 1320 Etenim
957 1248 1123 1313 Terentius
1140 1254 1210 1311 tum
1228 1248 1329 1312 solam

158 1341 311 1404 Andriam
335 1361 426 1404 suam
450 1341 742 1423 ,contaminaverat‘.
789 1337 870 1402 Cum
894 1345 1000 1401 autem
1022 1339 1159 1422 populus
1182 1339 1241 1401 etsi
1261 1339 1329 1399 An·

156 1431 258 1494 driam
281 1433 527 1494 contaminatam
549 1447 618 1493 esse
640 1428 725 1491 haud
744 1429 951 1510 ignoraverat,
974 1431 1078 1490 tamen
1097 1426 1237 1490 fabulam
1258 1445 1328 1509 pro·

155 1519 302 1600 bavisset,
329 1518 495 1582 Terentius
525 1517 564 1580 de
585 1516 692 1580 verbis
721 1535 795 1579 cum
821 1516 942 1598 iniquis
969 1534 1032 1579 non
1061 1516 1205 1596 certavit,
1232 1516 1329 1578 immo

156 1607 351 1670 confidenter
373 1609 419 1670 eis
434 1606 596 1689 respondit
617 1623 652 1668 se
665 1604 707 1686 id,
731 1604 816 1688 quod
832 1603 892 1666 sibi
910 1603 1034 1667 crimini
1057 1604 1177 1686 darent,
1200 1605 1330 1666 omnino

122 1709 124 1712 ·
159 1715 223 1758 non
247 1713 362 1778 negare
385 1712 490 1779 neque
512 1712 546 1758 se
569 1695 684 1778 pigere,
706 1695 804 1757 immo
826 1698 858 1756 et
879 1697 987 1777 postea
1009 1709 1078 1757 seso
1095 1692 1155 1756 hoc
1172 1691 1329 1756 iacturum

158 1802 226 1848 esse
249 1783 402 1867 gloriatus
425 1789 480 1849 est

157 1947 222 2025 §A
254 1946 303 2008 lle
322 1942 515 2024 Adelphos
539 1915 657 2024 prima
678 1947 715 2006 et
736 1942 896 2036 Hecyrae
914 1942 1084 2007 secunda
1105 1941 1329 2007 actionibus.

245 2067 389 2150 Hecyrae
412 2069 593 2132 iterationes
615 2072 686 2152 post
709 2087 761 2132 eas
785 2072 961 2131 ceterarum
983 2065 1163 2130 fabularum
1181 2067 1328 2146 actiones,

158 2158 195 2220 ad
221 2177 300 2242 quas
323 2159 445 2241 prologi
463 2161 613 2241 spectant,
635 2157 733 2220 factas
752 2175 821 2220 esse
839 2157 914 2220 indo
932 2157 1146 2220 conclusimus
1169 2155 1330 2240 (utsupra

157 2267 186 2329 p.
211 2247 251 2309 12
276 2247 345 2330 sq.),
368 2247 455 2330 quod
477 2245 623 2329 Hecyrae
645 2248 761 2310 iterum
784 2251 915 2310 exactae
935 2246 1088 2308 memoria
1110 2246 1143 2308 in
1163 2244 1252 2308 nullo
1267 2245 1329 2308 alio

157 2334 286 2416 prologo
309 2340 413 2398 exstat
436 2336 498 2398 nisi
515 2337 549 2398 in
565 2334 711 2417 Hecyrae
729 2335 858 2418 prologo
876 2335 981 2398 altero.
1019 2332 1205 2398 Didascaliis
1224 2339 1331 2397 autem
1419 2371 1423 2377 ·

158 2424 216 2484 etsi
239 2423 298 2484 hoc
321 2421 534 2505 confirmatur,
557 2427 663 2487 tamen
687 2443 761 2486 cum
784 2425 1013 2507 comperiamus
1036 2429 1068 2487 et
1090 2421 1250 2504 Hecyram
1273 2420 1329 2506 (ΙΙ)

158 2516 189 2573 et
223 2510 385 2594 Adelphos
417 2512 535 2575 eisdem
567 2512 651 2576 ludis
682 2511 870 2576 funebribus
904 2511 937 2576 L.
966 2512 1084 2576 Aemili
1106 2510 1212 2575 Paulli
1245 2516 1330 2575 actas

158 2618 236 2677 esse,
259 2605 489 2683 argumentum,
513 2620 577 2686 quc
600 2620 697 2685 supra
719 2602 781 2665 nisi
800 2619 921 2684 sumus,
944 2601 1064 2685 aliquid
1082 2599 1237 2664 infirmari
1256 2619 1329 2664 con·

158 2689 243 2754 cedo.
289 2686 415 2752 Etenim
438 2692 562 2754 etiamsi
589 2689 750 2773 Hecyram
773 2687 829 2774 (Il)
852 2696 888 2754 ut
910 2689 1030 2754 eisdem
1047 2689 1141 2772 ludis,
1172 2692 1217 2755 ita
1235 2689 1330 2774 paulo

157 2783 230 2842 ante
259 2778 420 2862 Adelphos
452 2788 554 2843 actam
588 2798 657 2844 esse
690 2785 855 2864 putamus,
889 2799 963 2844 cum
997 2798 1106 2844 omnes
1141 2785 1329 2864 spectatores

157 2864 319 2949 Hecyram
340 2868 435 2932 modo
462 2873 608 2932 exactam
636 2887 704 2933 esse
735 2871 866 2950 scirent,
899 2873 991 2952 poeta
1019 2869 1115 2932 huius
1143 2869 1330 2932 calamitatis

157 2957 189 3019 in
215 2956 432 3039 Adelphorum
449 2958 579 3040 prologo
601 2960 795 3022 mentionem
813 2957 921 3022 iecerit
938 2959 1070 3023 minime
1088 2976 1215 3022 necesse
1233 2959 1329 3041 satit)

157 3049 340 3128 praesertim
374 3065 448 3109 cum
482 3047 578 3109 huius
605 3048 651 3110 rei
678 3049 838 3111 mentione
865 3046 948 3111 facta
970 3064 1004 3110 se
1032 3065 1186 3130 suamque
1213 3065 1329 3134 novam

158 3132 297 3196 fabulam
331 3153 394 3198 noo
431 3135 671 3199 commendaret.
724 3132 813 3211 Quae
847 3155 921 3199 cum
948 3137 992 3198 ita
1021 3136 1098 3214 sint,
1132 3140 1203 3198 utra
1236 3137 1332 3218 prior,
1429 3143 1432 3148 “

157 3227 229 3286 utra
251 3227 406 3307 posterior
425 3225 474 3288 his
492 3224 577 3288 ludis
596 3228 664 3288 acta
683 3225 732 3305 sit,
755 3231 791 3288 ut
809 3243 1046 3307 cognoscamus
1065 3225 1126 3286 alia
1144 3230 1331 3308 argumenta

157 3311 343 3394 proterenda
370 3319 453 3378 sunt.
500 3312 594 3377 Hanc
618 3314 835 3398 quaestionem
858 3320 895 3377 ut
919 3313 1136 3397 diiudicarent,
1158 3314 1220 3376 viri
1248 3314 1330 3378 docti

158 3400 293 3464 adhaec
314 3407 583 3485 provocaverunt:

156 3575 364 3630 tibertreibende
383 3577 490 3646 Gegner
507 3578 584 3633 nicht
601 3581 743 3648 gestatten.
781 3578 862 3632 Hatte
875 3579 977 3633 Terent
990 3580 1074 3633 sehon
1086 3579 1147 3633 vier
1163 3578 1329 3648 griechische

157 3646 255 3701 Stiiclrc
274 3664 309 3701 zu
327 3649 393 3702 zwei
411 3648 585 3704 lateinischen
605 3649 780 3716 verarbeitet,
804 3664 834 3703 so
852 3650 915 3719 ging
933 3665 963 3704 es
982 3651 1049 3705 cher
1066 3652 1127 3704 an.“
1164 3649 1216 3703 Sed
1235 3649 1329 3702 adver-

158 3719 220 3772 sarii
247 3719 299 3774 hoc
326 3720 421 3773 vitium
448 3721 501 3774 iam
529 3723 591 3775 ante
618 3719 916 3775 Heautontimorumeni
943 3721 1056 3791 primam
1082 3720 1223 3785 actionem,
1250 3719 1330 3772 hrrius

157 3789 238 3856 igitur
263 3790 368 3844 fabulae
396 3791 498 3846 ratione
525 3808 580 3846 non
608 3791 699 3846 habita
724 3791 848 3845 Terentio
872 3791 1035 3845 obiecerunt.
1064 3790 1241 3856 Quamobrem
1260 3791 1330 3844 sitne

157 3859 472 3917 Heautontimorumenos
491 3863 669 3918 contaminata
686 3877 787 3924 necne,
811 3863 843 3914 ad
861 3861 931 3916 hanc
950 3862 1132 3930 quaestionem
1150 3861 1218 3914 nihil
1236 3863 1329 3916 refert.

157 3930 261 4001 Deinde
280 3933 371 4001 exeis,
391 3949 458 4002 qnae
477 3933 633 3988 Skutschius
670 3934 763 4000 refert,
783 3933 893 3987 minima
912 3949 1040 4003 apparere
1058 3931 1254 3987 hancfabnlam
1268 3949 1330 3987 con-

157 4003 312 4057 taminatam
332 4020 392 4059 esse
410 4005 483 4058 intra
500 4005 655 4059 demonstra
706 4004 753 4071 (cf.
772 4019 828 4073 cap.
848 4005 874 4057 V
893 4004 956 4074 §2).

248 4073 279 4142 Ν)
297 4075 356 4130 Hoc
384 4075 490 4129 censuit
508 4075 736 4130 Paeclrelmannus
759 4074 776 4128 l.
794 4091 815 4128 s.
834 4091 855 4129 s.
874 4092 899 4144 p.
917 4075 960 4129 32.
997 4075 1085 4142 Atque
1104 4076 1155 4129 hoc
1174 4075 1255 4129 etiam
1273 4075 1330 4129 ani-

156 4146 378 4200 madvertendum
397 4149 440 4200 est
451 4147 556 4214 poetam
572 4147 601 4200 in
613 4146 910 4207 Heautontimorumeni
922 4145 1037 4216 prologo,
1057 4161 1137 4214 quem
1150 4146 1212 4216 quia
1222 4146 1332 4215 Hecyra

156 4216 200 4283 (ll
224 4219 304 4271 antea
325 4233 380 4272 non
403 4217 527 4284 steterat,
555 4218 606 4286 ipsi
628 4217 750 4272 Ambivio
774 4218 999 4285 pronuntiandum
1022 4217 1138 4286 tradidit,
1165 4219 1199 4272 de
1222 4217 1332 4285 Hecyra

156 4287 301 4342 infeliciter
319 4290 378 4343 acta
396 4305 430 4342 ne
451 4303 533 4342 unum
552 4288 658 4358 quidem
676 4288 790 4344 verbum
808 4288 880 4344 tacit.

1117 4379 1148 4431 3*
