3280 5048
593 355 878 464 ⁵-4s-

179 587 284 646 autem
308 579 404 645 verba
428 600 502 645 cum
524 586 615 665 poeta
638 600 702 644 non
726 582 833 645 minus
855 581 890 644 in
913 581 1044 666 prologo
1067 581 1107 645 ad
1131 583 1273 648 Andriae
1291 585 1355 668 pri·

179 690 262 735 mam
294 673 449 735 actionem
477 671 684 755 pertinentem
709 670 813 734 dicere
835 672 974 754 potuerit
997 673 1150 754 qnamin
1174 673 1354 756 posterioris

180 762 313 826 actionis
335 761 475 845 prologo,
497 761 573 823 inde
596 761 725 824 omnino
748 759 829 823 nihil
851 759 998 824 concludi
1020 766 1132 844 potest

271 848 394 914 Deinde
417 849 605 913 adversum
632 849 673 912 2?
696 849 758 912 viri
780 849 865 914 docti
886 856 1152 934 provocaverunt:

341 937 553 1022 „Spectandae
575 958 614 1001 an
638 937 812 1021 exigendae
834 939 898 1001 sint
921 938 1012 1004 vobis
1034 939 1150 1022 prius“.

182 1025 271 1102 Quae
294 1026 389 1092 rerba
409 1026 585 1093 Karstenus
608 1029 638 1108 (l.
657 1047 681 1091 s.
700 1046 724 1092 e.
743 1047 773 1110 p.
793 1027 868 1111 220)
892 1047 967 1091 cum
989 1023 1288 1110 Drakenborchio⁸⁵l
1310 1031 1355 1093 ita

180 1118 416 1200 interpretatur:
444 1115 554 1200 „debet
580 1117 679 1200 igitur
705 1117 844 1201 populus
872 1135 1058 1200 pernoscere
1085 1136 1126 1182 ea
1154 1119 1213 1181 hac
1238 1117 1355 1200 fabula,

179 1209 288 1268 utrum
311 1224 421 1286 novae,
451 1225 531 1290 quas
554 1205 657 1286 faciet,
684 1206 717 1269 in
741 1211 902 1289 posterum
925 1206 1113 1289 spectandae
1136 1207 1200 1270 sint
1222 1227 1264 1270 an
1287 1208 1355 1270 exi-

180 1295 301 1378 gendae
319 1295 408 1378 prius
428 1314 523 1379 quam
543 1295 748 1378 spectentnr“,
770 1294 801 1357 id
822 1295 907 1379 quod
925 1295 1066 1378 intellegi
1084 1314 1148 1359 non
1166 1297 1266 1380 possit
1283 1297 1355 1378 nisi,

180 1384 225 1466 „si
247 1384 397 1468 prologus
423 1385 573 1448 recitatus
596 1385 697 1447 estin
722 1384 819 1447 altera
842 1383 969 1447 fabulae
989 1385 1124 1468 actione,
1155 1385 1253 1449 immo
1276 1390 1355 1448 tnnc

180 1473 256 1536 haec
278 1475 439 1556 aptissima
463 1479 538 1537 sunt
561 1478 592 1536 et
615 1474 778 1537 continent
799 1471 1050 1556 obiurgationem
1072 1492 1202 1557 prorsus
1225 1475 1354 1557 dignam

180 1566 212 1625 et
234 1562 369 1646 lepidam
393 1567 614 1646 spectatorum,
642 1563 696 1646 qui
719 1563 752 1625 in
777 1563 878 1645 prima
901 1559 1045 1644 Hecyrae
1068 1564 1190 1626 actione
1212 1563 1245 1626 id
1268 1583 1354 1645 com·

181 1651 340 1732 miserant,
363 1652 447 1735 qnod
459 1652 585 1715 ironice
608 1653 838 1737 perstringitur,
861 1655 897 1714 ut
915 1652 1078 1734 exigerent
1096 1650 1244 1734 fabulam,
1267 1658 1354 1716 ante-

182 1759 277 1824 quam
301 1747 477 1826 spectarent
499 1747 554 1805 ant
576 1745 801 1824 cognoscerent
823 1739 912 1821 (Hec.
935 1741 1013 1824 prol.
1032 1760 1061 1805 v.
1082 1739 1141 1824 3)“.
1167 1740 1258 1814 ,Hoc
1280 1755 1353 1806 cnm

180 1830 225 1892 ita
247 1831 297 1914 sit,
320 1835 410 1916 putat
432 1831 482 1894 vir
504 1831 616 1896 doctus
644 1830 800 1914 ,spectare‘
818 1829 965 1894 hocloco
984 1828 1162 1913 significare
1180 1849 1245 1894 non
1263 1849 1355 1914 posse

180 1917 330 2002 ,probare‘
353 1938 457 2003 neque
480 1920 585 2004 ,prins‘
603 1920 687 1983 idem
707 1923 889 2003 essentque
908 1920 1038 2003 ‚petinet
1074 1921 1118 1982 At
1135 1938 1209 1982 cum
1227 1918 1354 2002 Hecyra

179 2007 282 2072 tribus
313 2010 406 2074 annis
437 2015 511 2073 ante
539 2010 594 2094 (ex
621 2009 776 2072 sententia
804 2005 1025 2091 Karsteniana)
1054 2007 1183 2072 exclusa
1211 2010 1266 2091 sit,
1298 2011 1355 2072 rix

179 2097 264 2162 credi
277 2103 383 2182 potest
399 2102 588 2182 spectatores
604 2098 686 2160 hanc
695 2096 821 2160 Terenti
834 2097 1004 2178 „ironiam“
1014 2098 1200 2182 percepisse,
1214 2116 1354 2181 praeser-

179 2186 237 2250 tim
259 2205 334 2250 cum
352 2186 471 2251 Romae
494 2206 557 2251 non
581 2206 652 2250 raro
674 2185 794 2249 lactum
817 2204 885 2250 esse
908 2186 1062 2268 videatur,
1084 2193 1121 2250 ut
1142 2185 1268 2250 fabulae
1286 2188 1353 2250 exi·

178 2281 328 2358 gerentur
345 2278 531 2361 prinsquam
550 2276 589 2340 ad
608 2275 705 2340 finem
724 2280 948 2359 spectarentur,
967 2275 1000 2338 id
1020 2275 1105 2358 quod
1124 2277 1230 2339 statim
1250 2279 1351 2340 osten-

180 2363 262 2434 dam.
311 2363 434 2430 Deinde
464 2367 526 2428 viri
558 2364 641 2430 docti
673 2366 887 2448 interpretatio
920 2363 1089 2427 verborum
1122 2369 1153 2427 et
1185 2365 1289 2447 ,prius‘
1322 2369 1354 2429 et

180 2454 383 2536 ,spectandae‘
415 2455 510 2518 nimis
543 2453 709 2519 artificiosa
741 2471 809 2517 esse
837 2453 914 2516 mihi
942 2453 1074 2516 videtur.
1124 2449 1249 2535 ,Prius‘¹
1267 2455 1353 2518 enim

179 2559 327 2627 persaepe
344 2545 424 2608 nihil
443 2543 530 2608 aliud
548 2542 726 2627 significare
744 2544 805 2606 nisi
824 2542 946 2626 ,potius‘
965 2561 1007 2605 ne
1025 2539 1201 2606 Karstenus
1221 2543 1351 2626 quidem

179 2631 314 2716 negabit.
360 2630 451 2709 Quae
476 2634 621 2718 exempla
644 2631 755 2695 afferre
777 2650 842 2695 non
866 2650 945 2716 opus
968 2637 1023 2696 eet.
1055 2629 1181 2715 Neque
1204 2637 1265 2716 est,
1294 2649 1353 2695 cur

180 2719 239 2783 hoc
252 2719 320 2785 loco
332 2722 436 2807 ,prins‘
448 2723 547 2787 solam
559 2722 709 2806 temporis
720 2723 874 2785 rationem
886 2721 1025 2784 indicare
1037 2720 1156 2784 debeat.
1186 2720 1352 2805 ,Spectare‘

180 2813 286 2876 autem
313 2830 369 2895 per
396 2831 430 2876 se
458 2813 588 2876 minime
614 2811 699 2875 idem
727 2829 795 2874 esse
822 2816 918 2894 atque
942 2809 1090 2893 ,probare‘
1114 2811 1351 2874 concedendum

179 3000 214 3037 ex
233 2985 284 3037 hoc
302 2984 358 3038 solo
376 2985 458 3038 verbo
482 2987 523 3052 ‚de
537 2987 650 3057 integro‘
669 2986 764 3041 animis
787 2985 941 3054 percepturi
965 2985 1081 3053 tuerint,
1102 2985 1233 3053 ‚equidem
1250 2985 1350 3039 dubito.

179 3055 215 3108 nt
231 3053 297 3108 licet
315 3055 499 3124 perceperint,
525 3074 589 3111 num
615 3061 703 3126 potest
730 3057 839 3127 cogitari
857 3057 1012 3112 Terentium
1029 3056 1100 3110 ultro
1119 3056 1273 3110 confessum
1292 3071 1351 3110 esse

180 3139 211 3180 se
229 3141 305 3194 epam
318 3126 431 3196 primam
444 3125 569 3195 fabulam,
582 3145 634 3198 qua
645 3145 706 3184 seso
719 3129 900 3183 commendari
912 3129 1089 3182 vehementer
1101 3125 1233 3195 cupiebat,
1254 3126 1352 3182 Caecili

179 3195 270 3252 tabula
297 3198 418 3252 eiusdem
444 3197 560 3253 nominis
585 3200 701 3254 adhibita
719 3200 889 3254 confecisse?
915 3229 948 3239 -
976 3200 1021 3272 At
1036 3198 1059 3252 si
1085 3198 1226 3252 Terentius
1254 3197 1351 3253 Caecili

177 3267 296 3326 tabulam
314 3269 343 3324 in
361 3285 438 3323 suam
456 3285 515 3324 rem
533 3275 715 3339 converterat,
743 3287 854 3325 curnam
872 3271 985 3324 Luscius
1012 3269 1037 3323 ei
1065 3285 1120 3324 non
1145 3268 1256 3337 obiecit,
1281 3271 1352 3337 quod

178 3339 281 3394 lurtum
307 3340 505 3395 commisisset?
550 3341 666 3397 Nencini
698 3343 763 3396 dicit
786 3342 912 3396 Luscium
943 3341 1073 3410 suspicari
1096 3339 1208 3394 minime
1233 3341 1351 3408 potuisse

178 3409 332 3466 Terentium
349 3412 378 3465 in
397 3411 544 3480 catabula,
571 3430 650 3483 quam
669 3413 800 3469 Caecilius
825 3429 1009 3482 ,magnacum
1027 3412 1209 3466 admiratione‘
1234 3412 1351 3481 legisset,

178 3481 266 3550 ipsum
284 3482 313 3535 in
331 3482 475 3539 Caecilium
500 3485 603 3568 turtum
617 3485 794 3567 commisisse.
825 3485 970 3566 Praeterea
995 3483 1126 3566 Caecilius
1151 3499 1212 3537 cum
1237 3483 1351 3565 viveret,

177 3568 231 3680 tt
251 3553 1350 3707 tliffiltltlf‘tuldtt‘ttilllitstiltltiittu

178 3695 311 3751 evincitur
325 3695 469 3751 Caecilium
479 3714 501 3751 a.
512 3699 563 3753 168
575 3715 599 3754 a.
610 3697 672 3753 Chr.
688 3701 823 3751 mortuum
840 3713 900 3752 esse
915 3698 961 3767 (cf.
974 3697 1088 3751 Hanler:
1098 3697 1205 3750 Phorm.
1216 3695 1271 3749 sd.⁸
1280 3713 1304 3765 p.
1317 3698 1350 3750 15

178 3767 227 3822 md
238 3768 306 3836 etl).
325 3767 465 3822 Terentius
478 3768 558 3837 igitur
570 3769 669 3824 auxilio
676 3768 775 3824 Oeeoili
786 3769 828 3823 nti
836 3784 890 3822 non
901 3768 996 3837 potnit,
1005 3769 1109 3822 fiirtum
1120 3767 1202 3836 igitur
1211 3767 1349 3822 commisit.

179 3835 243 3890 Tum
256 3839 325 3906 quod
337 3839 463 3893 Luscium
476 3839 527 3893 hoc
539 3839 669 3909 crispican'
680 3841 799 3909 potuisse
818 3839 934 3893 Nencini
951 3842 1043 3907 negat:
1063 3841 1167 3920 constat
1179 3854 1215 3892 ex
1234 3838 1350 3920 Andriae

177 3906 277 3978 prologi
309 3926 354 3964 vv.
390 3909 491 3964 16-21
526 3910 653 3965 Luscium
686 3911 814 3965 Andriam
846 3911 954 3965 Terenti
987 3909 1185 3964 scematissrme
1219 3911 1351 3978 cognitam

176 3977 309 4034 habuisse.
334 3982 377 4034 An
389 3996 532 4035 censemus
546 3998 616 4049 enm,
635 3981 680 4051 qui
692 3983 778 4050 primo
791 3981 886 4036 obtutu
898 3980 1032 4035 intellexit
1050 3981 1204 4034 Terentium
1223 3981 1350 4035 Andriam

175 4063 251 4106 enam
270 4068 305 4134 ex
323 4051 425 4135 duabus
443 4050 541 4105 tabulis
554 4053 662 4135 Graecis
674 4053 760 4135 iisque
772 4053 884 4136 interce
897 4051 1037 4106 simillimis
1057 4051 1215 4118 confecisse,
1225 4053 1350 4134 'eundem

174 4123 467 4177 φ
481 4123 978 4263 Tuli
1091 4125 1349 4248 ἐεφε

175 4264 256 4332 igitur
265 4263 416 4366 probabilis
435 4267 477 4318 est
494 4264 620 4320 Nencinii
638 4266 779 4320 sententia

288 4339 297 4403 )
318 4336 394 4404 Apud
412 4334 573 4390 Grauertum
592 4337 608 4390 l.
628 4353 649 4390 s.
668 4353 689 4390 s.
711 4353 734 4404 p.
757 4337 796 4391 ld.
872 4349 874 4352 ·

1172 4427 1189 4476 4
