3280 5048
747 313 965 378 ..72-

362 493 390 555 3.
414 489 538 556 Deinde
561 491 740 556 testimonio
764 496 810 556 ast
833 495 918 554 totus
941 489 1086 573 Hecyrae
1108 491 1258 575 prologus
1280 491 1442 575 posterior,

270 582 303 642 in
337 574 401 663 quo
428 579 599 644 Ambivius
630 580 669 643 de
696 579 805 644 multis
831 579 927 644 rebus
955 580 994 643 ad
1020 575 1056 644 ¹se
1083 579 1311 663 spectantibus,
1344 579 1442 643 veluti

270 688 351 752 quae
379 670 458 733 ratio
486 671 568 733 inter
595 688 628 732 se
656 670 760 753 ipsum
789 674 820 732 et
847 674 1036 752 spectatores
1064 678 1095 731 et
1119 669 1202 732 inter
1224 687 1258 732 se
1281 676 1312 733 et
1334 674 1441 752 poetes

269 759 450 842 intercedat,
468 762 601 822 enarrat.
640 757 730 822 Unde
748 760 886 841 primum
905 758 937 822 id
957 758 1108 823 discimus
1123 756 1310 821 Ambivium
1326 777 1441 840 magna

269 850 454 912 auctoritate
482 853 576 931 atque
605 847 755 930 dignitate
778 847 861 931 apud
886 852 1075 930 spectatores
1096 846 1202 910 fuisse.
1249 845 1333 910 Dicit
1356 847 1441 910 enim

268 937 336 1019 ipse
354 936 394 999 de
417 936 618 1019 ,auetoritate‘
638 955 697 999 sua
715 938 757 1015 (v.
775 937 830 1015 40)
850 940 1002 1020 rogatque
1020 935 1174 1020 populum
1192 939 1233 1016 (v.
1252 937 1320 1018 All:
1343 934 1441 1019 „Mea

268 1044 382 1088 causa
414 1044 543 1089 causam
574 1026 772 1109 aecipite“.²⁸)
823 1025 860 1089 Id
894 1044 1035 1109 quoque,
1067 1025 1152 1108 quod
1179 1023 1344 1089 Terentius
1369 1029 1442 1108 post

269 1120 439 1198 utramque
461 1115 680 1196 calamitatem,
703 1134 800 1198 quam
818 1117 946 1197 accepit,
968 1111 1115 1198 prologos
1134 1113 1283 1178 Ambivio
1301 1133 1439 1198 pronun-

268 1203 392 1266 tiandos
415 1203 553 1285 tradidit,
576 1210 763 1287 argumento
786 1209 834 1268 est
855 1207 980 1287 poetam
1001 1204 1131 1266 scivisse
1150 1202 1337 1266 Ambivium
1356 1201 1438 1288 apud

267 1292 420 1375 populum
439 1293 577 1357 multum
592 1294 707 1357 valere
742 1291 790 1357 Ob
809 1312 878 1356 eam
897 1293 994 1375 igitur
1012 1310 1141 1356 oausam
1155 1291 1319 1356 Terentius
1338 1310 1439 1374 „oom-

267 1383 354 1444 misit
381 1400 477 1444 suum
504 1382 645 1446 studium
672 1383 706 1445 in
728 1382 859 1448 Ambivi
881 1380 1042 1446 tutellam“
1075 1380 1117 1463 (v.
1136 1380 1208 1464 44),
1236 1382 1322 1444 unde
1345 1381 1439 1444 simul

268 1475 397 1554 apparet
418 1477 544 1554 poetam
566 1489 640 1534 cum
663 1471 790 1535 domino
813 1472 918 1554 gregis
941 1477 996 1534 aut
1019 1472 1206 1534 commercio
1230 1480 1285 1534 aut
1302 1471 1440 1534 amicitia

268 1560 472 1624 coniunctum
495 1559 600 1624 fuisse.
646 1559 735 1624 Idem
758 1559 908 1643 probatur
930 1561 1027 1623 huius
1048 1558 1170 1643 prologi
1193 1579 1223 1624 v.
1244 1560 1284 1622 10
1309 1578 1368 1642 sq.:

313 1695 315 1700 -
428 1647 579 1729 „Easdem
604 1667 697 1731 agere
719 1650 820 1734 coepi,
854 1654 894 1712 ut
916 1648 960 1712 ab
984 1649 1112 1713 eodem
1136 1649 1232 1712 alias
1255 1648 1439 1712 discerem

428 1737 567 1819 Novas,
590 1739 738 1822 studiose,
760 1757 801 1802 ne
823 1738 916 1802 iilum
938 1737 977 1801 ab
1001 1738 1105 1802 studio
1129 1737 1342 1802 abducerent

357 1824 444 1901 Quos
477 1845 587 1890 versus
614 1828 658 1889 ita
685 1833 809 1892 tantum
836 1833 920 1892 recte
943 1828 1093 1911 explicari
1116 1827 1238 1909 iudico,
1266 1828 1292 1892 si
1315 1832 1438 1910 poetam

268 1915 308 1978 ad
340 1915 505 1978 dominum
536 1917 655 1998 gregis,
688 1935 751 1978 non
784 1916 825 1978 ad
856 1917 973 1980 aediles
1004 1916 1126 1980 fabulas
1159 1935 1258 1986 novas
1289 1915 1440 1981 detulisse

268 2023 442 2068 censemus.
492 2003 620 2068 Etenim
646 2004 763 2068 aediles
791 2006 817 2067 si
844 2004 967 2070 fabulas
994 2024 1093 2070 novas
1122 2025 1141 2068 a
1168 2006 1268 2089 poetis
1291 2007 1441 2069 emissent

268 2098 299 2158 et
318 2093 446 2157 domino
464 2095 568 2176 gregis
587 2093 690 2156 solum
710 2093 847 2176 agendas
866 2093 1075 2176 tradidissent,
1094 2094 1189 2158 huius
1202 2095 1332 2158 minime
1343 2095 1439 2157 inter-

267 2183 387 2264 fuisset,
411 2202 429 2245 a
453 2201 516 2265 quo
539 2189 631 2266 poeta
648 2181 775 2248 fabulae
793 2185 927 2267 scriptae
945 2187 1057 2248 essent.
1092 2183 1147 2247 Sin
1168 2190 1274 2248 autem
1292 2184 1439 2248 dominus

267 2272 373 2356 gregis
391 2271 430 2335 ab
450 2273 526 2354 ipsis
544 2273 645 2355 poetis
663 2291 763 2336 novas
782 2271 913 2352 emebat,
931 2272 1000 2336 eius
1017 2273 1167 2338 intererat
1184 2293 1258 2337 cum
1276 2273 1322 2337 eis
1340 2274 1439 2356 poetis

269 2380 361 2444 agere
380 2363 571 2445 negotioque
590 2362 749 2445 coniungi,
768 2363 823 2446 qui
841 2361 964 2426 fabulas
983 2361 1081 2427 bonas
1094 2362 1279 2427 scribebant
1311 2361 1439 2426 Intelle-

267 2458 359 2514 xerat
377 2456 483 2514 autem
502 2450 672 2515 Ambivius
691 2449 805 2514 Caecili
823 2450 956 2535 fabulas,
977 2453 1044 2534 etsi,
1063 2453 1292 2536 cumprimum
1310 2469 1438 2535 ageren-

267 2546 335 2620 tur,
363 2540 469 2604 nescio
498 2560 594 2624 quam
622 2539 662 2603 ob
690 2560 758 2604 rem
781 2541 1014 2624 displicuerant,
1037 2547 1140 2606 tamem
1164 2540 1339 2625 praeclaras
1362 2559 1438 2606 esse.

268 2627 339 2704 Qua
368 2630 406 2692 de
420 2649 530 2700 ,causa
553 2630 754 2692 vehementer
781 2629 927 2713 cupiebat
953 2630 1044 2694 illum
1069 2630 1192 2694 fabulas
1214 2630 1351 2694 scribere
1374 2650 1436 2693 non

267 2718 418 2781 desinere.
449 2717 574 2780 Etenim
594 2719 621 2781 si
634 2717 788 2782 Caecilius
805 2719 972 2782 deterritus
989 2725 1078 2800 esset,
1095 2738 1134 2783 ne
1146 2718 1268 2783 fabulas
1280 2719 1437 2800 scriberet,

267 2804 437 2871 Ambivius
466 2825 594 2889 quoque
623 2805 775 2870 damnum
802 2808 986 2891 accepisset,
1004 2805 1099 2891 'quod
1123 2827 1221 2871 novas
1245 2807 1437 2874 Caecilianas

266 2914 358 2978 agere
380 2915 444 2958 non
468 2897 531 2958 iam
554 2901 667 2979 posset.
714 2894 806 2971 Quod
828 2916 868 2960 ne
890 2895 994 2980 fieret,
1021 2897 1193 2960 Ambivius
1217 2898 1308 2975 ultro,
1331 2917 1394 2960 non
1419 2918 1437 2960 a

267 2983 402 3049 Caecilio
430 2986 582 3049 invitatus
610 2990 665 3048 aut
692 2990 833 3068 rogatus,
861 2987 956 3050 enixe
983 3005 1109 3070 operam
1133 2987 1227 3068 dedit,
1255 2993 1291 3050 ut
1311 2986 1438 3050 fabulae

267 3073 462 3138 caecilianae
485 3081 613 3140 exactae
636 3076 752 3138 iterum
775 3082 952 3158 agerentur,
975 3081 1198 3158 spectarentur,
1221 3075 1438 3160 probarentur,

265 3164 297 3227 id
314 3164 399 3247 quod
415 3183 473 3228 sua
489 3165 592 3230 solum
607 3165 707 3248 ipsius
723 3163 947 3253 operafactum
959 3183 1027 3228 esse
1039 3166 1213 3248 perspicuis
1225 3163 1330 3228 verbis
1341 3165 1434 3226 dixit:

310 3256 350 3333 (v.
369 3254 403 3334 4)
426 3252 553 3336 „Novas
576 3255 632 3337 qui
654 3258 781 3322 exactas
803 3252 878 3318 feci
901 3259 938 3317 ut
959 3255 1233 3337 inveterascerent,

310 3342 348 3424 (v.
371 3343 402 3423 9)
426 3393 431 3406 .
457 3392 464 3406 .
488 3392 495 3405 .
518 3348 638 3406 certum
662 3342 756 3404 mihi
778 3341 944 3406 laborem
968 3344 1125 3426 sustuli,

288 3431 400 3511 (v.10l
424 3429 580 3494 Easdem
605 3449 716 3514 agere
738 3434 857 3516 coepi,
881 3483 888 3495 .
912 3481 919 3497 .
944 3482 950 3495 .
1063 3497 1066 3504 ,

288 3523 327 3600 (v.
349 3520 403 3602 12)
427 3519 576 3584 Perfeci
599 3525 636 3584 ut
658 3525 874 3604 spectarentur
896 3571 904 3587 .
928 3568 934 3582 .
959 3574 965 3587 .

287 3610 329 3690 (v.
350 3610 401 3692 13)
586 3609 643 3673 Ita
665 3616 812 3693 poetam
834 3614 988 3676 restitui
1010 3613 1048 3674 in
1072 3611 1228 3675 locum“.

354 3699 415 3762 Sed
446 3703 590 3782 potestne
622 3701 752 3782 cogitari
784 3701 972 3764 Ambivium
1005 3699 1044 3762 ob
1077 3719 1146 3763 eam
1174 3700 1272 3763 solam
1301 3718 1437 3780 oausam,

191 3801 193 3806 ·
264 3791 301 3850 ut
327 3807 345 3849 a
374 3785 508 3852 Caecilio
537 3789 614 3852 alias
642 3808 741 3853 novas
765 3792 919 3872 acciperet
942 3806 1021 3852 neve
1043 3794 1168 3870 poetam
1191 3787 1230 3851 ab
1254 3789 1360 3852 studio
1382 3787 1436 3850 ab·

264 3913 477 3921 ——-—..

354 3961 386 4032 ²⁸)
406 3964 441 4017 ct.
460 3963 558 4018 Heaut.
577 3963 643 4032 prol.
662 3982 688 4018 v.
707 3966 742 4019 35
761 3980 828 4032 sqq,
846 3962 977 4032 imprimis
996 3981 1021 4018 v.
1040 3964 1088 4018 41:

396 4034 487 4102 „Mea
505 4051 603 4089 eausa
621 4052 727 4106 eausam
746 4036 816 4088 hanc
833 4034 932 4088 iustam
951 4050 1010 4090 esse
1030 4036 1146 4089 animum
1165 4036 1311 4091 inducite.“

264 4108 293 4160 et
311 4122 336 4158 v.
357 4106 392 4160 48
404 4121 477 4175 sqq.:
498 4106 542 4173 „Si
561 4123 705 4175 numquam
725 4122 804 4160 avare
823 4106 938 4174 pretium
957 4107 1037 4161 statui
1056 4107 1106 4160 arti
1125 4123 1200 4162 meae

498 4178 531 4232 m
550 4195 612 4232 eum
631 4194 691 4232 esse
710 4179 852 4246 quaestum
870 4178 899 4230 in
917 4179 1035 4232 animum
1053 4179 1147 4232 induxi
1165 4196 1329 4248 nraxumum,

496 4249 580 4316 Quam
598 4265 724 4304 maxume
743 4248 846 4304 servire
864 4249 961 4304 vostris
980 4250 1141 4304 commode
1160 4266 1199 4320 sq.
