3280 5048
674 337 893 404 ..ιι-

198 526 368 591 verisimile
387 525 514 609 quidem
534 528 589 588 est.
625 520 808 586 Ditissimus
827 521 912 584 enim
925 521 1060 604 quisque
1072 519 1182 583 aedilis
1195 513 1322 582 creabat
1308 521 1369 580 t.ur

198 616 287 682 Idem
316 633 471 699 magnane
498 613 674 678 eruditione
697 618 794 694 atque
815 611 958 674 doctrina
980 609 1140 713 praeditus
1163 613 1258 688 esset,
1287 611 1370 671 certe

198 725 263 769 non
295 704 514 788 quaerebatur.
548 701 730 767 Praeterea
762 705 890 784 apparet
921 699 1053 802 aediles,
1084 698 1112 762 si
1140 698 1280 762 omuino
1296 715 1370 760 cum

198 795 298 880 poetis
326 797 472 878 egerunt,
499 813 518 855 a
545 793 645 876 poetis
672 791 763 854 novis
790 788 983 874 planeque'
975 793 1064 872 rgnot
1064 789 1091 852 is
1050 786 1242 852 tfabulas
1267 803 1370 850 emere

199 889 291 948 caute
307 884 424 948 veritos
444 901 521 964 esse,
539 900 612 945 cum
631 879 789 965 populone
807 897 917 942 eorum
936 877 1061 942 fabulae
1072 877 1245 960 placiturae
1257 880 1371 957 essent,

199 974 294 1038 nimis
318 972 451 1036 dubium
474 975 564 1036 esset.
595 969 727 1033 Veteres
750 973 857 1032 autem
878 971 996 1052 poetas,
1019 968 1074 1050 qui
1097 967 1206 1050 populi
1229 965 1370 1028 animum

199 1064 358 1127 multist
327 1069 358 1126 ct
375 1061 467 1125 bonis
484 1059 600 1124 fabulis
619 1057 850 1124 delectaverunt
868 1062 900 1121 et
918 1075 1011 1140 saepe
1028 1075 1103 1120 cum
1121 1055 1248 1118 domIno
1266 1055 1371 1138 gregis

200 1157 341 1236 egerant,
371 1169 428 1236 per
454 1151 541 1213 hunc
568 1166 693 1240 semper
718 1146 843 1211 fabulas
865 1165 965 1210 novas
988 1145 1143 1209 aedilibus
1166 1143 1318 1208 obtulisse
1341 1149 1372 1206 et

144 1295 146 1298 .
199 1260 256 1326 per
278 1259 313 1304 se
335 1238 505 1304 verisimile
528 1244 577 1302 est
599 1244 630 1302 et
634 1233 762 1302 Caecili
788 1241 819 1300 et
836 1235 962 1300 Terenti
984 1235 1139 1318 exemplis
1159 1232 1372 1314 confirmatur,

201 1349 335 1415 quorum
365 1334 498 1413 uterque
525 1327 648 1391 tabulas
675 1345 774 1390 novas
802 1344 925 1410 semper
952 1323 985 1388 L.
1004 1323 1155 1387 Ambivio
1177 1322 1372 1406 Turpioni⁸⁹)

200 1419 337 1502 agendas
360 1418 496 1483 tradidit

291 1506 415 1583 Quibus
434 1507 586 1591 expositis
604 1505 821 1569 intelleximus
838 1507 964 1589 poetam
981 1501 1104 1566 fabulas
1123 1520 1222 1567 novas
1234 1501 1372 1564 venden-

202 1598 257 1661 das
276 1598 315 1660 ad
335 1597 498 1662 dominum
517 1596 621 1679 gregis
641 1593 800 1679 quendam
819 1593 978 1675 detulisse,
996 1611 1059 1655 non
1076 1591 1137 1654 ad
1127 1610 1212 1675 rpsos
1224 1589 1372 1654 ludorum

201 1692 370 1751 curatores.
405 1684 562 1750 Dominus
585 1688 692 1748 autem
713 1683 819 1768 gregis
841 1682 980 1746 fabulam
1003 1681 1103 1766 pretio
1124 1699 1183 1745 suo
1201 1685 1297 1763 atque
1315 1698 1373 1744 sno

201 1777 340 1860 periculo
369 1776 444 1839 emit
474 1792 608 1858 eamque
634 1773 718 1837 ludis
740 1772 932 1838 instantibus
955 1770 1109 1835 aedilibus
1132 1789 1197 1834 una
1220 1789 1293 1833 cum
1316 1788 1374 1832 sua

202 1867 370 1968 gregisque
394 1883 488 1947 opera
510 1864 614 1927 locare
637 1863 750 1929 studet.
795 1860 953 1925 Dominus
975 1861 1073 1944 igilur
1094 1860 1208 1943 gregis,
1232 1859 1265 1922 id
1279 1858 1374 2011 'quod

201 1974 275 2019 cum
302 1957 371 2019 eius
398 1953 583 2018 auctoritate
610 1951 661 2034 (cf.
685 1971 781 2056 supra
808 1971 837 2036 p.
860 1951 912 2031 72)
935 1951 1075 2015 maxime
1099 1950 1287 2031 convenit,
1278 1969 1312 2011 111
1312 1953 1374 2012 t-er

202 2044 334 2108 cessoris
357 2061 489 2108 munere
510 2041 664 2126 fungitur,
687 2043 743 2126 qui
766 2061 824 2106 suo
843 2040 983 2125 periculo
1007 2040 1130 2169 aliquas
1152 2057 1202 2102 res
1225 2039 1310 2150 emit,
1333 2056 1375 2101 ex

153 2139 156 2149 '
202 2132 319 2216 quibus
341 2131 466 2197 lucrum
489 2131 590 2196 iaciat.

290 2221 484 2286 Huiusmodi
516 2221 654 2304 negotia,
687 2220 726 2283 ad
759 2237 841 2303 quae
873 2217 1043 2282 factitando
1069 2215 1205 2280 Romani
1236 2215 1375 2281 maxime
1464 2281 1466 2284 ,

202 2311 356 2414 proclives
380 2314 498 2389 essent,
526 2307 675 2372 omnibus
697 2306 891 2391 temporibus
914 2305 1034 2370 Romae
1058 2306 1264 2370 usitatissima
1287 2311 1376 2369 erant

202 2402 235 2462 in
247 2400 360 2462 vitat
329 2405 360 2462 et
374 2397 501 2481 publica
518 2402 549 2460 et
564 2398 693 2480 prrvata
697 2396 737 2477 44)
761 2394 860 2460 Cuius
877 2400 1009 2459 consuet
996 2394 1116 2459 tudinis
1130 2412 1232 2478 pauca
1248 2393 1373 2458 afferam

203 2487 355 2571 exempla.

292 2577 399 2659 Atque
427 2576 565 2659 primum
593 2575 758 2660 quidem
749 2595 784 2638 m
807 2516 1023 2638 Romanorum
1050 2574 1116 2636 vita
1142 2571 1268 2656 publica
1291 2573 1374 2635 eius-

203 2666 289 2729 modi
309 2666 433 2749 negotia
452 2683 601 2749 persaepe
619 2669 797 2729 occurrunt.
834 2661 948 2728 Omnia
966 2665 1052 2726 enim
1064 2661 1192 2743 tributa,
1210 2661 1378 2745 vectigalia

203 2760 240 2818 ut
270 2773 327 2838 per
357 2760 455 2818 totam
483 2755 719 2838 antiquitatem,
748 2755 794 2818 ita
821 2752 905 2838 apud
932 2751 1106 2832 Romanos,
1138 2770 1201 2815 non
1230 2769 1286 2834 per
1314 2769 1377 2832 eos,

205 2843 321 2927 quibus
344 2844 494 2907 salarium
518 2843 661 2926 dabatur,
684 2843 903 2926 exigebantur,
925 2841 981 2906 sed
1004 2843 1081 2905 haec
1104 2842 1211 2905 omnia
1233 2841 1377 2925 redemp-

203 2932 366 3011 toribus¹¹)
395 2933 551 3014 exigenda
578 2932 790 2996 tradebantur.
837 2930 899 3006 Qui
924 2932 1074 3014 quoniam
1097 2950 1170 2993 cum
1194 2928 1377 3013 republica

204 3040 260 3105 per
282 3039 427 3084 censores
450 3025 630 3084 contractus
652 3019 817 3101 faciebant,
840 3018 1001 3103 publicani
1024 3018 1272 3102 appellabantur.
1313 3015 1377 3080 His

203 3108 415 3174 contractibus
442 3106 604 3192 publicani
630 3127 665 3172 se
693 3114 810 3173 certam
837 3109 990 3192 pecuniae
1013 3125 1171 3170 summam
1193 3105 1376 3170 censoribus

205 3199 365 3263 soluturos
383 3216 453 3261 esse
469 3196 702 3281 promittebant,
721 3216 785 3282 quo
804 3203 895 3280 pacto
914 3196 1032 3260 tributa
1046 3196 1091 3259 eis
1106 3195 1260 3279 exigenda
1275 3194 1377 3258 trade-

204 3286 368 3368 bantur.¹¹)
399 3285 512 3370 Neque
530 3287 621 3351 aliter
638 3287 755 3370 templa
773 3285 977 3367 aedificanda,
995 3304 1097 3369 aquae
1114 3284 1227 3348 ductae
1242 3285 1377 3368 viaeque

204 3378 384 3458 struendae,
412 3375 554 3440 aedificia
579 3375 707 3461 publica
734 3375 942 3456 restituenda,
968 3371 1080 3458 pontes
1109 3374 1296 3458 cloacasque
1322 3392 1378 3437 ex·

204 3465 382 3544 struendae,
405 3467 511 3528 omnia
532 3465 659 3550 publice
678 3464 872 3529 aedificanda
890 3470 922 3529 et
939 3464 1081 3528 ornanda
1098 3463 1276 3548 publicanis
1294 3463 1377 3526 loca-

206 3552 331 3634 bantur,
350 3553 405 3636 qui
424 3559 508 3616 certo
527 3557 627 3638 pretio
646 3556 817 3619 constituto
836 3554 891 3618 illa
903 3573 998 3639 opera
1009 3553 1204 3618 conficienda
1215 3551 1377 3633 curabant,

206 3661 302 3726 quam
325 3660 392 3705 rem
416 3645 561 3725 quaestui
583 3643 792 3724 habebant.¹¹)

296 3781 327 3850 444)
345 3781 404 3836 Hoc
422 3783 533 3850 apparet
551 3797 586 3836 ex
603 3782 670 3837 Hac.
690 3782 756 3853 prol.
775 3783 804 3836 Il
823 3783 851 3836 et
869 3798 903 3836 ex
921 3779 1070 3836 didascoliis
1088 3780 1262 3835 Terentianis.

293 3852 327 3922 44)
345 3851 591 3921 Marquardtllau:
617 3853 689 3920 „Das
713 3853 886 3908 Privatleben
903 3853 953 3907 der
971 3851 1106 3906 Rtimer¹¹
1122 3869 1148 3920 p.
1167 3851 1219 3906 399
1238 3867 1276 3920 sq.
1297 3850 1377 3922 (Mar-

150 3991 153 3996 ,
205 3925 478 3993 quardt-Mommsen:
498 3923 597 3992 antiqu.
616 3924 712 3978 Rom.¹
730 3923 832 3993 unu.)

294 3995 372 4061 ¹)v.
393 3996 580 4064 „¹¹rodemptor
598 4011 639 4063 ap.
658 3995 769 4050 Festum
788 3995 827 4065 [0.
847 3993 998 4050 omullus
1017 3995 1058 4048 ed
1079 3995 1156 4050 1880.
1174 3994 1246 4064 IIps.
1265 3994 1377 4064 pulo).

206 4097 239 4106 -
263 4066 321 4121 CIL
338 4065 378 4120 VI
402 4068 416 4118 1
443 4083 467 4136 p
489 4067 540 4121 154
568 4083 594 4120 n.
613 4065 691 4120 87771.
734 4068 769 4121 cf.
795 4067 925 4135 quomodo
951 4066 997 4120 Th
1021 4065 1171 4120 Mommsen
1198 4066 1277 4120 huius
1305 4067 1377 4136 frag-
1416 4079 1418 4081 ·

205 4137 289 4191 menti
306 4154 331 4190 v.
347 4139 380 4191 13
398 4152 437 4204 sq.
450 4137 626 4207 suppleverit,
644 4140 721 4206 praet
721 4153 785 4193 crea
801 4140 836 4192 oi.
854 4138 939 4192 idem:
957 4137 1024 4205 uph.
1038 4153 1079 4205 ep.
1093 4137 1161 4191 VIII
1173 4137 1302 4208 (rseutp
1317 4137 1377 4191 245.

294 4208 381 4275 ‘'tof.
401 4207 567 4276 Marquardt:
543 4209 662 4262 tRbm.
682 4209 870 4268 Staatsveru.¹
888 4208 958 4278 Ilp.
978 4208 1031 4262 299
1050 4224 1088 4277 sq.

295 4279 383 4347 ⁴¹)cf.
403 4277 597 4349 Marquar·:,dt
599 4279 779 4348 ,Privatleben
797 4281 846 4334 der
864 4279 998 4334 Rolnam
1016 4297 1041 4348 p.
1060 4278 1112 4334 399
1131 4295 1169 4349 sq.
