3280 5048
272 532 335 600 Sed
359 533 398 597 de
420 531 577 597 eiusmodi
600 527 895 594 ratiocinationibus
919 547 1042 614 sempor
1060 527 1269 593 dubitandum
1289 547 1357 592 esse

181 623 328 710 equidem
352 625 438 706 puto.
486 617 690 684 Obseruando
712 619 797 682 enim
820 622 897 682 sunt
920 619 1011 706 haec:

271 710 296 775 I.
320 710 501 774 Terentium
535 708 672 791 aliquem
704 706 869 792 prologum
901 708 1063 792 scripsisse
1095 725 1160 770 non
1188 708 1267 787 eius,
1300 707 1358 788 qui

183 801 361 881 antecessit,
382 799 504 883 prologi
527 795 786 878 memorem„sed
809 795 903 880 plane
925 797 1058 860 aliarum
1083 815 1189 860 rerum
1212 799 1358 878 respectu

184 888 291 953 babilo
313 907 369 973 per
392 905 425 952 se
448 886 626 971 apparet.⁴⁹)
660 885 775 949 Nonne
799 886 969 949 verisimile
993 891 1040 950 est
1063 893 1187 969 poetam
1205 884 1356 968 populum
1457 965 1459 968 Ι

157 1043 160 1048 ,
185 985 221 1043 ut
243 976 304 1042 sibi
324 977 450 1058 faveret,
474 976 564 1039 aliter
582 976 732 1056 oravisse,
755 993 827 1037 oum
847 975 940 1038 modo
959 974 1169 1038 calamitatem
1187 979 1359 1056 acceperat,

183 1067 275 1132 aliter
295 1071 366 1151 post
388 1081 584 1143 successum3
609 1062 700 1130 aliter
723 1065 751 1128 si
774 1063 905 1143 cladem,
927 1063 1018 1128 aliter
1036 1064 1063 1128 si
1081 1063 1229 1146 plausum
1248 1063 1358 1126 adver·

183 1156 259 1220 sarii
276 1153 372 1239 paulo
391 1159 464 1218 ante
483 1153 688 1238 acceperant?
725 1151 839 1218 Nonne
858 1152 995 1235 denique
1013 1170 1053 1215 ex
1072 1170 1118 1234 eo,
1142 1151 1227 1235 quod
1245 1149 1358 1214 Teren·

182 1247 246 1310 tius
273 1245 400 1328 ipsein
429 1243 569 1308 Andrias
596 1241 726 1327 prologo
754 1241 830 1306 dicit
857 1260 892 1306 se
919 1241 1064 1325 prologos
1092 1242 1191 1306 solam
1220 1239 1261 1304 ob
1289 1258 1357 1304 eam

182 1353 311 1398 causam
330 1334 523 1417 scripturum
541 1351 617 1414 esse,
637 1331 754 1414 quibus
772 1331 888 1394 veteris
907 1334 1019 1414 poetae
1037 1329 1214 1394 maledictis
1228 1348 1358 1413 respon-

183 1423 265 1504 deat,
287 1426 416 1506 apparet
439 1422 531 1485 etiam
557 1441 602 1505 ea,
626 1422 664 1484 ds
688 1419 805 1502 quibus
827 1420 1001 1485 adversarii
1023 1425 1147 1503 poetam
1170 1419 1265 1502 paule
1286 1424 1359 1483 ante

183 1515 417 1591 accusaverant,
432 1511 517 1594 apud
532 1509 712 1576 Terentium
728 1509 866 1581 multum
883 1508 1042 1574 valuisse?
1073 1507 1246 1572 Permultis
1260 1508 1359 1591 igitur

184 1600 279 1664 rebus
302 1605 396 1683 etque
418 1600 459 1664 iis
481 1600 587 1679 variis,
611 1600 650 1663 de
673 1597 790 1682 quibus
813 1617 929 1680 magna
952 1615 993 1660 ex
1016 1601 1105 1681 parte
1123 1615 1211 1660 nunc
1229 1597 1358 1660 omnino

80 1761 87 1769 Ι
186 1689 265 1754 nibil
284 1695 412 1771 constat
431 1695 607 1754 commotus
620 1687 785 1754 Terentius
804 1687 872 1770 ipsa
891 1705 928 1749 ea
946 1684 1052 1768 verba,
1072 1704 1153 1768 quae
1170 1685 1204 1749 in
1224 1684 1358 1768 siugulis

186 1778 323 1860 prologis
345 1777 488 1860 legimus,
512 1776 648 1842 seribere
671 1777 781 1860 potuit

274 1865 315 1931 Il.
339 1864 460 1932 Deinde
483 1885 525 1935 ex
548 1886 584 1932 ec
609 1866 694 1950 qnod
716 1864 881 1930 Terentius
904 1883 963 1928 sex
986 1868 1110 1928 tantum
1129 1862 1254 1938 fabulas
1273 1883 1358 1927 com·

185 1958 291 2039 posuit
312 1961 408 2040 atque
430 1975 486 2040 per
507 1974 567 2020 sex
590 1961 714 2020 mutum
738 1973 838 2020 anuos
860 1956 895 2016 in
918 1958 985 2018 arte
1007 1953 1151 2018 scaenica
1173 1971 1209 2016 se
1232 1952 1355 2033 locavit,

184 2045 385 2128 perspicuum
409 2050 458 2110 est
480 2064 560 2116 eum,
579 2064 617 2109 ue
635 2050 707 2128 post
725 2043 889 2110 victoriam
909 2042 1038 2126 quidem
1056 2043 1151 2106 modo
1169 2046 1359 2125 reportatam

183 2139 293 2198 utrum
321 2135 448 2199 fortuna
475 2135 618 2200 scaenica
646 2151 769 2217 semper
791 2133 908 2198 futuris
930 2130 1126 2215 temporibus
1148 2130 1210 2196 sibi
1232 2130 1360 2196 iautnra

183 2229 266 2289 esset
288 2242 399 2305 usone,
424 2243 480 2308 pro
503 2225 677 2288 certissimo
701 2222 816 2286 habere
837 2221 986 2305 potuisse.
1031 2219 1103 2288 Hoc
1125 2221 1283 2305 praeclare
1306 2221 1359 2284 de-

183 2317 378 2376 monstratur
406 2311 530 2376 duabus
557 2311 701 2394 Hecyrae
729 2309 979 2389 mantelibus
1004 2310 1122 2374 etenim
1144 2305 1271 2374 Andria
1301 2310 1360 2373 etsi

185 2401 354 2484 placuerat,
377 2406 481 2464 tamen
501 2400 637 2481 Hecyra,
660 2400 799 2466 secunda
816 2399 932 2480 fabula,
956 2418 1028 2464 cum
1048 2401 1187 2482 primum
1206 2403 1360 2482 ageretur,

184 2493 296 2555 exacta
319 2494 380 2568 est3
406 2489 484 2570 quin
508 2489 603 2552 etium
626 2489 685 2552 etsi
708 2507 781 2562 cnm
805 2487 1183 2555 Heautontimorumenos
1206 2493 1238 2552 et
1260 2486 1359 2554 Phor·

185 2579 258 2659 mio,
280 2583 349 2641 tum
373 2578 513 2642 maximo
537 2596 610 2642 cum
633 2595 782 2644 successu
801 2575 978 2644 Eunuchus
996 2581 1155 2658 steterant,
1179 2583 1284 2640 temen
1303 2575 1359 2640 Te-

183 2668 285 2732 rentio
304 2669 419 2731 iterum
435 2668 550 2748 evenit,
569 2672 605 2730 ut
620 2665 746 2748 Hecyra
761 2685 834 2735 cum
849 2667 1029 2748 referretur,
1048 2685 1151 2749 neque
1165 2670 1359 2750 spectaretur

183 2775 288 2840 neque
311 2755 505 2840 probaretur.

273 2845 331 2909 III.
355 2844 436 2910 Oum
459 2847 556 2929 igitur
579 2845 739 2910 fortunam
762 2846 939 2910 scaenicum
963 2863 1032 2909 esse
1056 2843 1185 2908 dubiam
1204 2845 1359 2927 imprimis

184 2941 293 3018 poetae
317 2954 399 2997 novo
422 2935 724 3019 adulescentuloque
742 2940 774 2999 et
791 2937 859 3018 ipse
877 2935 1090 3018 comperisset,
1113 2952 1251 3016 cumque
1269 2931 1358 2996 lebu-

185 3026 288 3086 lurum
304 3041 484 3088 successum
501 3043 596 3107 penes
611 3028 804 3108 spectatores
820 3042 888 3088 esse
904 3043 968 3086 nou
985 3025 1151 3106 ignoraret,
1170 3022 1202 3085 id
1218 3027 1359 3106 spectare

184 3117 276 3194 poete
307 3112 423 3196 potuit,
455 3118 490 3176 ut
518 3113 672 3197 populum
700 3132 796 3196 quam
824 3115 962 3175 maxime
990 3109 1179 3174 adularetur.
1230 3109 1356 3176 Etenim

184 3219 311 3284 semper
326 3206 465 3285 praestat
482 3208 604 3285 poetam
623 3207 813 3287 spectatores
832 3202 977 3264 comitate
997 3219 1092 3265 usum
1110 3199 1171 3264 sibi
1190 3200 1359 3265 conciliare

183 3290 311 3355 studere
331 3310 424 3375 quam
445 3310 503 3355 sua
521 3293 621 3374 ipsius
639 3292 752 3355 merita
769 3289 918 3354 laudibus
937 3289 1117 3353 efferentem
1136 3289 1207 3353 illos
1225 3288 1357 3352 laedere.

185 3377 254 3442 Hac
276 3382 398 3444 ratione
415 3379 597 3444 Terentium
622 3398 749 3465 quoque
772 3397 867 3444 usum
891 3397 959 3443 esse
980 3380 1111 3462 cogitari
1128 3383 1238 3464 potest.
1275 3377 1359 3453 Quo-

185 3469 279 3534 modo
303 3469 439 3552 taudem,
462 3471 544 3533 hanc
567 3471 720 3536 rationem
740 3470 767 3534 si
785 3468 952 3533 Terentius
971 3468 1125 3554 adhibuit,
1147 3488 1188 3532 cx
1207 3468 1361 3532 eiusmodi

183 3557 262 3620 locis
286 3560 456 3642 quicquam
481 3559 558 3622 certi
578 3558 616 3623 de
634 3558 746 3624 ordine
764 3559 966 3642 prologorum
986 3563 1017 3622 et
1035 3557 1214 3621 fabularum
1234 3559 1361 3622 enucle-

184 3647 231 3709 ari
254 3648 363 3730 possit,
386 3648 534 3730 equidem
557 3648 673 3712 nescio.

274 3734 330 3799 IV.
350 3734 498 3819 Denique
516 3737 548 3800 id
568 3737 806 3801 memorandum
824 3743 878 3816 est,
895 3754 936 3799 ex
953 3755 1025 3820 quo,
1044 3737 1164 3818 opinor,
1182 3737 1232 3798 vel
1250 3737 1361 3800 ceteris

75 3855 78 3860 ·
184 3824 280 3889 rebus
303 3826 455 3911 neglectis
478 3827 538 3890 viri
562 3827 646 3891 docti
669 3846 704 3891 se
727 3846 769 3890 ex
791 3826 841 3890 his
863 3825 941 3890 locis
959 3825 1095 3888 nimium
1114 3824 1215 3888 multa
1234 3824 1361 3888 conclu·

184 3917 264 3979 sisse
282 3934 470 3999 cognoscere
488 3916 657 3980 debebant:
679 3916 834 3982 eiusmodi
850 3915 1068 3980 conclusiones
1085 3933 1208 3997 semper
1222 3915 1361 3980 maxime

183 4072 373 4141 nadal-Progr.
393 4091 418 4125 v.
438 4072 526 4127 Mainz
548 4075 647 4144 1873y4
665 4091 691 4143 p.
708 4073 799 4140 12l14)
817 4075 896 4127 huius
915 4073 955 4126 rei
974 4087 1054 4127 carisa
1071 4071 1100 4124 in
1111 4073 1236 4140 Hecyrae
1255 4072 1361 4142 prologo

184 4144 281 4226 priore¹
297 4150 440 4212 ‚‚quees0“‚
464 4145 534 4211 quod
558 4161 574 4197 a
596 4144 677 4199 totius
695 4145 796 4215 prologi
814 4144 949 4198 sententia
967 4143 1084 4198 alienum
1103 4159 1163 4198 esse
1182 4147 1266 4214 putat,
1284 4144 1361 4198 uncis

184 4214 308 4355 8θῢωεῖξ.)
328 4288 363 4342 et.
384 4286 491 4343 Fabiam
508 4285 526 4341 l.
547 4305 567 4346 s.
586 4303 608 4339 s
627 4302 651 4357 p.
671 4287 706 4342 50
725 4305 763 4359 sq.
