3280 5048
674 382 716 398 ..
762 345 894 430 qo..

286 525 366 591 Tum
391 543 476 609 vero,
498 527 532 590 id
555 525 641 609 quod
659 528 754 609 caput
773 529 828 606 est,
851 523 924 588 illos
942 541 1055 588 versus
1073 524 1112 589 ab
1131 523 1371 590 Heautontimo-

164 619 167 626 '
198 617 325 680 rumeni
343 615 473 700 prologo
491 615 610 681 alienos
629 632 697 679 esse
714 612 805 687 nullo
822 614 885 678 nisi
902 613 996 676 fallor
1013 615 1089 678 satis
1106 613 1261 698 probabili
1279 634 1372 699 argu-

198 709 305 769 mento
334 706 583 768 demonstratum
610 709 666 768 est
711 701 828 784 Immo,
855 703 914 766 hos
936 721 1047 768 versus
1069 703 1138 766 loco
1162 703 1277 768 tradito
1298 704 1372 768 ferri

199 811 291 877 posse
307 798 339 857 et
354 793 667 878 Umplenbachins⁸⁹)
680 797 710 856 et
722 789 785 856 Leo
798 793 827 872 (l.
841 810 865 856 s.
878 810 901 857 s.
913 811 942 876 p.
956 791 1142 875 20-24)⁹⁰)
1158 793 1373 858 ostendenmt.

289 898 435 984 Denique
461 919 503 964 ne
529 900 562 963 id
585 899 713 984 quidem
737 897 905 982 probatum
928 889 976 962 est
998 899 1057 963 hoo
1080 895 1229 980 Hecyrae
1252 899 1372 983 prologi
1398 961 1403 968 .

202 990 270 1053 loco
296 989 442 1053 lacunam
465 991 561 1054 hiare.
606 987 720 1072 Neque
743 989 842 1068 enim,
869 989 897 1051 si
920 993 1112 1052 structuram
1135 989 1374 1072 grammaticam

200 1080 445 1160 respexerimus,
473 1080 550 1142 dnm
578 1078 670 1142 modo
693 1096 735 1141 ne
757 1076 854 1141 verba
876 1095 951 1140 oum
973 1077 1066 1141 Ihnio
1090 1095 1253 1160 perperam
1275 1077 1373 1141 inter-

200 1173 373 1250 pretemur,
403 1167 550 1232 lacunam
585 1167 799 1231 demonstrare
831 1181 1009 1249 possumus.
1060 1165 1173 1250 Neque
1206 1167 1306 1250 magis
1337 1169 1374 1228 in
1470 1229 1472 1232 ,
1503 1185 1506 1190 “

199 1261 351 1320 contextu
382 1258 537 1321 sermonis
569 1257 741 1340 quicquam
774 1255 977 1319 desideratur.
1023 1256 1068 1318 At
1099 1274 1211 1319 versus
1245 1256 1262 1317 l
1295 1261 1326 1318 et
1353 1255 1373 1318 8

200 1347 330 1410 omnino
359 1366 424 1410 non
454 1349 537 1411 inter
565 1365 599 1410 se
629 1345 791 1409 coniuncti
820 1349 903 1408 sunt.
954 1341 1044 1408 Num
1072 1345 1172 1425 igitur
1198 1346 1232 1407 in
1262 1344 1375 1408 ceteris

199 1435 338 1518 prologis
356 1435 500 1518 singulae
514 1443 619 1517 partes
634 1434 817 1516 rhetoricae,
837 1452 916 1515 quas
933 1434 1069 1516 quisque
1083 1432 1208 1496 Terenti
1225 1431 1374 1516 prologus

200 1525 356 1604 continet,
381 1525 465 1588 inter
491 1541 526 1587 se
554 1521 718 1605 colligatae
746 1527 841 1604 atque
862 1519 1035 1603 implicitae
1058 1522 1195 1604 suntl⁹¹l
1240 1521 1374 1584 Nullum

200 1613 299 1694 igitur
320 1613 491 1694 vestigium
513 1630 587 1674 cum
610 1615 721 1692 exstet,
745 1629 808 1693 quo
831 1611 882 1673 usi
899 1610 986 1674 hunc
1004 1610 1171 1693 prologum
1188 1609 1376 1674 lacunosum

203 1718 271 1766 esse
299 1699 514 1764 demonstrare
540 1718 723 1783 possumne,
750 1718 791 1763 ne
818 1697 858 1763 ob
886 1717 955 1762 eam
983 1699 1111 1782 quidem
1135 1718 1201 1763 rem
1225 1699 1265 1763 ad
1287 1698 1376 1762 illam

201 1789 390 1853 sententiam
417 1789 669 1872 progrediemur,
696 1789 781 1872 quod
805 1789 856 1852 hie
878 1788 1028 1870 prologus
1050 1787 1257 1852 brevissimus
1280 1787 1376 1866 est⁹²l

291 1895 447 1960 Putamus
473 1915 548 1979 ergo
578 1896 744 1980 prologum
770 1893 916 1976 Hecyrae
943 1895 1093 1979 priorem,
1131 1895 1259 1979 qualem
1285 1900 1376 1980 poeta

200 1986 268 2071 ipse
301 1986 442 2070 scripsit,
477 1985 573 2050 talem
607 1985 776 2048 memoriae
804 1984 956 2047 traditum
979 2002 1055 2048 esse.
1101 1983 1246 2048 Brevitas
1270 1990 1376 2048 autem

201 2075 323 2158 prologi
341 2094 359 2138 a
378 2075 608 2140 consuetudine
625 2080 734 2157 poetae
753 2073 856 2137 aliena
873 2092 948 2137 oum
966 2092 1030 2136 non
1049 2075 1267 2158 neglegentiae
1282 2073 1375 2138 libra·

201 2166 331 2250 riorum,
358 2165 412 2228 sed
436 2165 568 2229 oonsilio
590 2165 691 2247 ipsius
714 2167 824 2248 poetae
847 2161 1007 2244 debeatur,
1037 2181 1095 2226 our
1116 2169 1209 2248 poeta
1231 2162 1377 2246 Hecyrae

203 2252 259 2336 (Il)
291 2253 457 2339 prologum
492 2260 561 2318 coto
596 2258 721 2317 tantum
754 2247 907 2316 versuum
940 2253 1150 2336 praemiserit,
1185 2253 1376 2337 quaerimus.

205 2341 275 2406 Hoc
298 2343 396 2424 nulla,
420 2343 521 2425 credo,
544 2361 579 2406 re
602 2342 787 2425 explicatur,
810 2342 873 2404 nisi
896 2359 942 2423 eo,
966 2342 1049 2424 quod
1070 2341 1196 2405 Terenti
1214 2342 1377 2425 Adelphoe

204 2431 298 2514 paulo
322 2436 395 2494 ante
422 2435 491 2494 acta
523 2438 597 2494 erat.
643 2430 680 2492 In
717 2431 813 2493 huius
847 2435 954 2494 autem
987 2429 1115 2494 fabulae
1149 2432 1278 2515 prologo
1312 2449 1376 2493 non

204 2519 297 2583 modo
320 2519 576 2584 adversariorum
598 2519 772 2583 maledictis
795 2520 1007 2603 responderat,
1030 2521 1085 2584 sed
1108 2519 1268 2602 etiamid,
1292 2519 1377 2603 quod

84 2608 87 2614 '
204 2607 277 2672 illos
301 2608 360 2672 sibi
384 2609 510 2672 crimini
534 2609 663 2673 daturos
686 2627 755 2672 esse
776 2608 915 2693 putabat,
939 2611 1032 2694 plane
1055 2608 1253 2673 refutaverat.
1292 2606 1376 2684 Quid

205 2699 303 2781 igitur
324 2698 469 2780 restabat,
494 2699 579 2783 quod
602 2700 635 2762 in
653 2697 798 2779 Hecyrae
816 2697 946 2782 prologo
969 2700 1074 2783 priore
1096 2696 1266 2765 tractaret?
1289 2697 1376 2762 Nihil

204 2787 359 2851 eiusmodi
382 2805 489 2851 rerum
511 2789 637 2871 repetit,
661 2786 717 2851 sed
743 2788 880 2870 breviter
903 2789 941 2852 de
962 2787 1091 2869 Hecyra
1109 2789 1248 2872 primum
1267 2795 1378 2852 exacta

204 2878 342 2960 exponit
398 2875 448 2940 Hx
484 2878 542 2940 hac
576 2878 673 2958 igitur
706 2895 741 2940 re
775 2891 924 2961 apparere
955 2879 1034 2940 mihi
1062 2878 1188 2940 videtur
1216 2877 1378 2960 Adelphos

205 2966 288 3028 ludis
310 2964 498 3028 funebribus
521 2965 554 3028 L.
580 2965 696 3029 Aemili
719 2965 825 3030 Paulli
848 2967 942 3050 paulo
965 2973 1039 3030 ante
1062 2966 1222 3048 Hecyram
1239 2967 1378 3049 primum

204 3055 349 3117 iteratam
371 3059 473 3118 actam
496 3072 572 3118 esse.

294 3371 327 3440 ⁸⁸)
346 3371 476 3427 Analecta
492 3372 653 3430 Terentiana
670 3390 695 3443 p.
717 3376 750 3428 14
768 3389 807 3445 sq.

296 3459 328 3530 ⁰⁰)
348 3459 383 3514 cf.
402 3478 505 3532 quoque
525 3463 698 3518 Amdohrium
717 3462 734 3517 l.
754 3478 775 3516 s.
794 3480 815 3517 s.
836 3481 860 3532 p.
881 3465 912 3517 11
934 3479 990 3534 sqq.
1015 3463 1155 3532 (imprimis
1174 3482 1198 3535 p.
1220 3463 1271 3531 12).

296 3548 331 3616 ⁹¹)
350 3549 435 3616 Quam
468 3566 547 3621 saepe
575 3551 694 3622 singulae
722 3551 890 3621 prologorum
918 3554 1008 3621 partes
1036 3552 1108 3606 nnllo
1139 3553 1245 3606 omnino
1273 3551 1379 3604 vinculo

205 3621 293 3675 addito
312 3621 411 3690 positae
431 3625 497 3690 unt,
520 3625 552 3677 nt
573 3623 726 3692 intellegas,
750 3623 874 3677 conseras
898 3624 977 3678 haec:
1001 3625 1029 3677 in
1049 3625 1131 3678 Andr.
1151 3623 1216 3692 prol.
1235 3639 1279 3676 vv.
1299 3621 1333 3676 23
1352 3622 1381 3676 et

204 3691 244 3745 24Ὶ
262 3692 348 3746 solum
371 3693 460 3763 figura
477 3695 618 3762 rhetorica,
637 3711 704 3766 quae
724 3698 957 3766 „napmopaotm
976 3695 1086 3762 dicitru,
1110 3695 1181 3748 inter
1198 3710 1227 3747 se
1246 3693 1380 3748 coniuncti

206 3765 284 3831 sunt;
303 3763 332 3817 in
350 3764 447 3819 Heaut.
466 3765 532 3836 prol.
552 3767 615 3837 quid
627 3766 747 3820 dicbrrus
766 3765 809 3833 sit,
829 3765 968 3819 Ambivins
980 3768 1036 3820 v.3
1054 3765 1170 3832 indicat,
1190 3767 1280 3818 tamen
1293 3764 1380 3834 prius·

206 3851 284 3904 quam
302 3835 368 3890 haec
387 3837 518 3905 promissa
534 3838 612 3906 dicat,
632 3837 683 3892 alia
696 3838 728 3891 ad
747 3835 865 3892 fabulam
877 3837 1114 3891 commendandam
1126 3836 1279 3891 necessaria
1296 3836 1380 3890 inter-

206 3905 280 3974 ponit
298 3908 351 3975 (vv.
365 3908 461 3977 4-9);
479 3908 508 3962 in
526 3908 634 3963 Phorm.
654 3908 718 3978 prol.
738 3924 830 3962 omnes
847 3908 1068 3978 singulae'partes
1082 3924 1176 3978 parum
1187 3910 1245 3962 arte
1259 3923 1380 3962 annexae

205 3978 280 4030 snut:
305 3979 339 4032 cl.
359 3995 402 4032 vv.
424 3980 456 4032 11
477 3985 506 4032 et
525 3979 556 4032 12
577 3980 719 4048 („nuno“);
744 3997 786 4034 vv.
806 3981 840 4035 23
861 3982 888 4035 et
906 3980 941 4033 24
964 3980 1105 4049 („nunc“);
1129 3979 1157 4032 in
1180 3978 1293 4048 Adelph.
1313 3979 1392 4048 prol..

205 4049 241 4102 ci.
260 4065 304 4102 vv.
323 4049 356 4102 21
372 4051 400 4104 et
412 4049 447 4104 22
467 4050 635 4117 („dehinc“);
654 4051 682 4104 in
694 4051 762 4108 Hec.
781 4051 847 4122 prol.
860 4051 888 4105 Π
907 4051 942 4105 cf.
956 4068 999 4104 vv.
1021 4051 1054 4105 19
1073 4053 1102 4105 et
1119 4050 1155 4105 20
1173 4052 1250 4121 (voce
1273 4052 1379 4119 ‚,nunc“

205 4119 240 4174 fit
257 4120 405 4186 transibis).
425 4151 459 4161 -
479 4121 515 4173 cf.
534 4121 723 4189 Umpienbaoh
741 4122 758 4176 l.
778 4139 799 4178 s.
819 4139 840 4176 e.
861 4139 885 4192 p.
908 4123 987 4193 14s15
1007 4124 1036 4176 et
1053 4121 1107 4176 Leo
1126 4121 1143 4174 l.
1162 4138 1184 4176 s.
1203 4137 1224 4176 e.
1244 4139 1269 4192 p.
1288 4122 1332 4178 23.

297 4208 329 4277 ⁰²)
348 4211 382 4262 cf.
403 4209 620 4264 Herrmanowslri
637 4208 654 4263 l.
669 4225 690 4262 s.
703 4226 724 4263 s.
739 4228 763 4279 p.
779 4211 810 4265 12
824 4228 863 4282 sq.
882 4242 916 4251 -
936 4210 1124 4281 Umpfenhach
1136 4209 1153 4264 l.
1167 4227 1188 4265 s.
1202 4227 1223 4266 s.
1237 4228 1262 4281 p.
1277 4211 1309 4265 12
1323 4227 1380 4279 sqq.

209 4310 243 4320 -
262 4281 297 4335 cf.
317 4281 397 4336 etiam
418 4279 498 4334 Fabia
516 4279 533 4333 l.
553 4295 574 4333 s,
594 4295 614 4333 s.
635 4297 659 4350 p.
680 4281 740 4336 304.
