3280 5048
703 393 903 458 ..9.-

304 575 335 639 4.
359 573 564 661 Relinquitur
586 574 673 638 solus
697 573 838 638 Andriae
860 575 1019 658 prologus,
1047 573 1183 656 dequo,
1209 585 1281 636 cum
1306 574 1387 636 sitne

216 664 323 729 fabula
356 683 439 728 nova
471 683 510 727 an
544 669 649 746 vetus,
678 670 769 748 poeta
797 665 831 725 in
859 663 988 747 prologo
1016 680 1078 726 non
1106 663 1270 747 perspicue
1297 662 1388 741 dicat,

216 755 298 817 nihil
321 755 397 817 certi
421 758 553 818 constat.
585 754 667 817 Aliis
684 755 781 837 igitur
801 753 897 816 buius
915 752 1035 836 prologi
1054 752 1131 816 locis
1149 752 1313 815 nitendum
1333 759 1388 814 est.

215 841 277 907 Sed
305 844 388 906 hanc
417 861 485 906 rem
513 847 581 906 tum
609 843 736 906 demum
766 841 1022 924 diiudicabimns,
1050 860 1121 905 oum
1146 842 1178 903 in
1204 842 1388 904 universum

218 933 295 1024 quid
327 950 368 996 ex
399 933 538 1016 prologis
571 931 610 995 de
642 932 752 996 ordine
779 929 959 1015 fabularum
987 930 1206 1013 chronologico
1234 935 1388 1015 appareat,

214 1021 473 1086 intellexerimus.
1024 1039 1028 1048 ·

303 1110 390 1174 Haeo
414 1111 564 1195 quoniam
587 1112 803 1195 cognorimus,
826 1109 941 1173 elucet:

303 1199 326 1264 1.
347 1203 432 1284 quod
455 1201 494 1263 de
508 1197 665 1282 Eunuchi,
684 1199 894 1281 Phormiouis,
913 1197 1274 1278 Heautontimorumeni,
1291 1197 1388 1260 Adel-

213 1290 297 1373 phon
326 1289 529 1374 prologorum
556 1299 696 1374 tempore
723 1288 931 1368 lucrabimur,
959 1288 1043 1352 idem
1071 1290 1111 1351 ad
1135 1289 1252 1373 primas
1276 1287 1388 1350 irarum

214 1378 393 1443 l'abularum
417 1380 556 1442 actiones
578 1379 780 1443 referendum
803 1397 880 1441 esse.

303 1467 344 1534 II.
373 1468 458 1552 quod
486 1469 525 1532 de
548 1467 692 1549 Hecyrae
721 1474 857 1553 utroque
879 1469 1010 1551 prologo
1033 1472 1217 1547 alamanno,
1239 1465 1324 1530 idem
1347 1466 1387 1528 ad

215 1548 310 1621 buius
333 1556 458 1620 fabulae
482 1558 637 1620 actionem
661 1556 831 1634 secundam
856 1563 887 1620 et
909 1558 1033 1620 tertiam
1057 1562 1205 1639 spectare.

303 1643 363 1708 111.
387 1645 472 1728 quod
503 1645 541 1708 de
565 1645 704 1709 Andriae
727 1646 847 1730 prologi
871 1651 1010 1730 tempore
1033 1647 1275 1728 comperiemus,
1302 1643 1387 1707 idem

214 1735 373 1819 pertinere
396 1735 436 1797 ad
457 1734 553 1799 huius
571 1734 697 1798 fabulae
715 1736 853 1820 aliquam
873 1736 1038 1816 actionem,
1062 1753 1143 1818 quae
1162 1741 1268 1798 utrum
1286 1734 1388 1818 prima

215 1825 256 1887 sit
278 1842 387 1904 necne,
410 1825 577 1888 nescimus.
1251 1885 1255 1890 .

303 1912 398 1977 Nunc
425 1915 528 1998 ipsam
554 1914 594 1978 ad
621 1933 689 1978 rem
715 1915 930 1980 accedamus..
958 1914 1065 1997 Atque
1088 1914 1224 1997 primum
1250 1911 1387 1995 quidem,

215 2001 291 2087 quid
311 2021 352 2066 ex
371 2003 505 2086 singulis
523 2003 661 2087 prologis
680 2004 848 2087 discamus,
866 2004 980 2067 deinde
999 2003 1077 2087 quid
1096 2023 1137 2066 ex
1156 2003 1292 2086 prologis
1306 2003 1388 2088 inter

214 2110 247 2156 se
271 2094 459 2176 comparatis
481 2100 637 2177 appareat,
659 2094 833 2159 rideamus
932 2129 936 2135 ·

267 2345 390 2441 Caput
409 2344 436 2417 l:
465 2342 527 2424 lix
556 2343 735 2444 singulis
761 2343 956 2444 prologis
983 2291 1082 2444 quid
1110 2343 1335 2424 diseamus.

305 2485 332 2549 1.
356 2485 394 2548 In
419 2485 575 2550 Andriae
598 2485 727 2570 prologo
750 2486 885 2569 legimus
909 2488 985 2551 haec
1008 2487 1104 2552 verba
1127 2491 1166 2566 (v.
1189 2489 1204 2549 l
1230 2488 1322 2571 sqql:

374 2573 490 2658 „Poeta
513 2579 610 2660 q'uom
633 2577 771 2660 primum
794 2577 937 2640 animum
960 2577 999 2640 ad
1019 2576 1217 2640 scribendum
1239 2575 1369 2660 adpulit,

374 2663 411 2728 Id
434 2664 495 2729 sibi
518 2667 625 2748 negoti
649 2664 781 2729 credidit
803 2667 905 2729 solum
931 2667 1007 2749 dari,

374 2754 496 2838 Populo
519 2761 556 2818 ut
577 2756 737 2839 placerent
760 2774 839 2839 quas
862 2755 987 2820 iecisset
1008 2755 1139 2820 fabulas.

300 2842 321 2886 ·.
374 2843 495 2908 Verum
518 2845 610 2908 aliter
632 2845 758 2908 evenire
781 2843 882 2909 multo
905 2845 1073 2929 intellegit;

280 2951 309 2994 v.
322 2933 349 2995 5.
373 2931 454 2996 Nam
476 2932 510 2995 iu
534 2933 670 3017 prologis
694 2933 873 2998 scribundis
889 2942 1023 3020 'operam
1046 2935 1196 3016 abutitur,

374 3019 447 3084 Non
471 3022 527 3104 qui
549 3028 771 3105 argumentum
796 3031 909 3107 narret,
932 3025 986 3090 sed
1011 3025 1066 3107 qui
1089 3024 1229 3087 malivoli

375 3107 500 3173 Veteris
521 3118 631 3194 poetae
653 3112 828 3176 maledictis
850 3113 1063 3198 respondeat“.

301 3196 400 3262 Poeta
422 3199 542 3285 incipit,
564 3204 600 3264 ut
618 3201 772 3284 videmus,
796 3202 904 3267 dicens
922 3222 955 3268 se
977 3202 1169 3285 simulatque
1187 3204 1329 3265 aninmm
1348 3202 1387 3265 ad

215 3286 420 3354 scribendum
451 3289 609 3374 adpulerit
636 3291 665 3356 h.
689 3310 715 3356 e.
739 3312 812 3356 oum
840 3292 878 3356 de
905 3292 1020 3356 fabulis
1048 3291 1221 3356 scribendis
1249 3293 1387 3376 primurn

214 3377 396 3456 cogitaverit
419 3379 483 3461 vel,
511 3386 546 3442 ut
569 3377 859 3461 Drakenborchii1⁴)
885 3382 988 3448 verbis
1012 3386 1095 3463 utar,
1121 3401 1194 3445 cum
1217 3381 1386 3445 consilium

213 3464 351 3529 snubere
378 3468 495 3552 ceperit
522 3468 572 3532 rel
595 3468 732 3534 scribere
755 3472 918 3554 inceperit,
946 3471 1118 3535 credidisse
1142 3469 1204 3533 sibi
1227 3471 1259 3533 id
1284 3471 1386 3534 solum

213 3554 418 3638 spectandum
435 3573 512 3638 esse,
527 3562 563 3621 ut
578 3558 713 3639 fabulae,
729 3578 808 3642 quas
823 3562 996 3641 fecisset,¹⁵)
1011 3560 1127 3645 populo
1141 3580 1236 3643 quam
1249 3560 1387 3622 maxime

212 3642 380 3728 placerent.
415 3643 536 3710 Verum
560 3666 594 3712 se
616 3648 861 3732 intellegere-
881 3669 943 3712 uon
964 3651 1233 3733 ,antellexisse‘ffil
1253 3685 1296 3694 —
1316 3669 1386 3733 pro·

303 3819 334 3887 ¹⁴)
353 3820 469 3888 ,Dictata
486 3824 518 3877 ad
530 3824 639 3878 Terenti
651 3825 814 3880 Comoedias‘
834 3825 905 3880 edita
922 3841 939 3879 a
950 3826 1080 3879 Grauerto
1099 3825 1126 3878 in
1140 3825 1276 3879 Analectis
1295 3825 1390 3880 lristor..

212 3892 241 3944 et
267 3890 357 3959 philol.
385 3893 407 3947 Ι.
444 3893 600 3949 Monasterii
630 3895 698 3950 1833
727 3913 752 3964 p.
772 3897 789 3950 9
808 3912 865 3964 sqq.
886 3926 918 3935 —
938 3897 1013 3950 Idem
1037 3896 1101 3951 dicit
1124 3896 1170 3950 Th.
1191 3897 1320 3951 Benleius
1340 3898 1385 3963 (ct.

212 3961 332 4104 Waffiper
358 3964 387 4018 in
411 3964 479 4019 libro
503 3966 675 4021 miscellaneo
702 3967 773 4021 edito
796 3983 812 4021 a
838 3967 967 4022 societate
985 3966 1143 4038 philologioa
1160 3968 1297 4022 Bonnensi
1318 3970 1386 4023 1864

305 4105 335 4174 ¹³)
354 4107 482 4174 ,iecisset
505 4109 555 4162 hoo
578 4107 635 4164 loeo
658 4109 773 4178 positum
793 4113 835 4164 est
852 4127 900 4180 pro
919 4110 1088 4165 coniunctivo
1106 4112 1192 4166 futuri
1210 4112 1306 4174 exacti,
1325 4112 1388 4180 quia

210 4176 239 4230 in
258 4177 349 4232 verbis
368 4177 413 4245 „id
431 4179 480 4232 sibi
499 4180 589 4248 negoti
607 4179 693 4235 solum
711 4182 777 4246 dari,
795 4185 826 4236 ut
843 4182 949 4238 fabulae
967 4181 1123 4250 placemnt‘
1136 4183 1207 4237 notio
1219 4184 1304 4236 futuri
1317 4186 1384 4237 tern-

211 4248 283 4316 poris
302 4251 432 4317 quaedam
449 4250 528 4304 inest.
549 4281 581 4290 -
602 4252 637 4305 ct.
657 4252 852 4307 Paeolrelmann
871 4254 887 4307 l.
907 4269 928 4307 s.
948 4270 969 4308 s.
990 4271 1014 4322 p.
1037 4258 1077 4308 ll.

304 4320 335 4389 ¹⁶)
363 4322 504 4390 „evenisse
533 4321 681 4394 intellegit“
709 4324 753 4377 vel
780 4324 949 4394 „intellexit‘
968 4327 1108 4380 Terentius
1130 4327 1220 4381 dicere
1244 4325 1343 4394 debuit,
1362 4325 1385 4380 si
