3280 5048
659 351 879 415 ‚33-

183 532 323 596 numeris
346 533 554 596 constitutum
577 535 688 615 poetae
720 530 760 593 ab
792 536 897 594 actore
926 535 982 594 aut
1004 530 1191 594 solvendum
1214 534 1281 595 erat
1303 535 1359 594 aut

181 620 289 686 fabula
300 621 509 700 reddenda.⁶⁶)
542 618 612 684 Hoc
630 624 721 705 pacto
741 621 908 704 utriusque
926 621 1076 684 intererat
1093 619 1233 684 tabulam
1257 637 1360 704 agere,

181 711 363 793 periculum
391 714 497 774 autem
528 713 640 773 neuter
673 715 860 793 susceperat.
916 708 1045 774 Poterat
1075 713 1236 794 praeterea
1267 713 1358 794 poeta

182 800 290 881 actori,
313 801 342 864 si
365 800 417 863 hic
439 798 580 867 tabulam
603 797 763 880 venderet,
786 799 881 862 etiam
905 799 1082 862 mercedem
1105 799 1296 882 promittere.

98 969 100 974 Ι
271 888 361 954 Tales
382 893 562 953 contractus
581 893 717 952 actorem
736 889 930 972 compostis
947 888 1041 953 novis
1057 887 1168 952 fecisse
1187 887 1358 952 verisimile

184 983 238 1043 est.
284 977 347 1054 Qui
371 979 410 1041 ad
433 977 511 1042 tales
534 976 736 1041 condiciones
759 982 968 1058 accesserunt,
990 997 1065 1042 cum
1086 978 1120 1041 id
1143 979 1247 1042 solum
1270 995 1358 1061 spec—

183 1072 294 1149 tarent,
318 1071 353 1132 ut
375 1068 518 1151 ipsorum
540 1064 666 1130 fabulae
689 1071 858 1149 agerentur
880 1067 1005 1151 ipsique
1028 1069 1096 1131 noti
1118 1066 1239 1132 fierent.
1289 1065 1359 1130 Hac

183 1157 303 1220 ratione
325 1154 489 1220 Terentius
509 1174 637 1240 quoque
655 1155 689 1219 in
708 1154 825 1220 fabulis
844 1156 1019 1220 vendendis
1038 1175 1117 1221 usus
1135 1174 1206 1221 esse
1224 1155 1358 1220 videtur.

273 1318 316 1380 st
338 1335 380 1380 ex
402 1316 452 1378 his
474 1315 599 1397 tabulis,
623 1335 704 1400 qnae
727 1317 825 1380 semel
843 1321 930 1380 actae
949 1318 982 1380 in
1001 1322 1111 1401 poetae
1128 1317 1359 1401 possessiouem

184 1405 356 1487 redierunt,
373 1405 525 1488 quidnam
545 1404 664 1469 factum
682 1405 732 1486 sit,
751 1408 945 1488 quaerimus.v
977 1406 1011 1470 si
1025 1405 1142 1488 fabula,
1162 1424 1256 1489 quam
1273 1404 1360 1468 actor

183 1515 202 1557 a
220 1500 311 1577 poeta
329 1513 414 1556 novo
432 1493 545 1557 autad
563 1493 699 1578 primam
717 1495 816 1557 solam
836 1495 990 1558 actionem
1010 1500 1128 1558 emerat
1146 1500 1201 1558 aut
1219 1495 1358 1559 venden-

184 1583 255 1646 dam
275 1587 449 1662 curaverat,
471 1582 641 1666 placuerat,
662 1581 733 1646 fieri
751 1602 827 1646 sane
845 1588 975 1667 poterat,
998 1589 1034 1647 ut
1052 1590 1138 1648 actor
1157 1588 1241 1648 certo
1259 1586 1359 1667 pretio

184 1690 281 1754 penso
313 1670 438 1735 fabulae
469 1671 629 1736 iterandae
661 1673 712 1736 ius
740 1693 759 1736 a
785 1678 877 1756 poeta
906 1675 1070 1755 emeretlfl)
1116 1673 1162 1736 At
1189 1670 1358 1758 quemnam

183 1759 307 1824 fabulas
335 1759 472 1824 abiectas
498 1762 611 1825 emisse
633 1761 748 1846 putas?
794 1764 838 1825 At
861 1761 967 1826 fabula
990 1781 1053 1827 non
1078 1763 1105 1826 si
1128 1763 1225 1827 semel
1249 1769 1360 1826 exacta

184 1854 264 1932 erat,
298 1849 415 1913 idcirco
450 1867 573 1933 semper
607 1850 803 1934 displicuerit
834 1870 962 1915 neeesse
993 1859 1061 1916 est
1104 1851 1242 1916 Fabulae
1274 1853 1359 1915 euim

185 1937 380 2002 Caecilianus
399 1937 569 2004 Ambivius
585 1939 660 2004 fecit
683 1945 719 2004 ut
733 1942 1006 2006 inveterascerent.
1042 1939 1093 2004 Ex
1108 1941 1224 2004 fabulis
1240 1943 1360 2005 exactis

188 2046 316 2112 quoque
338 2027 463 2091 lucrum
483 2027 552 2092 fieri
575 2031 716 2113 potuisse
738 2027 813 2094 inde
836 2031 1050 2095 conclusimus
1078 2030 1127 2115 (cf.
1150 2050 1246 2115 supra
1268 2051 1297 2115 p.
1319 2031 1359 2094 72

119 2162 122 2166 -
184 2120 250 2200 sq).
295 2116 462 2181 Praeterea
489 2123 581 2202 poeta
608 2119 720 2202 actori,
749 2120 777 2183 si
799 2119 851 2183 hic
872 2119 1012 2184 fabulam
1036 2125 1154 2205 ageret,
1183 2120 1361 2184 mercedem

183 2207 364 2288 promittere
386 2211 515 2290 poterat.
775 2205 779 2226 '
1059 2244 1061 2252 .

273 2293 385 2377 Neque
408 2313 483 2357 vero
510 2296 584 2358 licet
606 2294 768 2377 Hecyram
789 2295 1008 2361 Terentianam
1038 2297 1156 2362 afferre.
1203 2296 1360 2364 Videmus

184 2383 269 2446 enim
296 2381 477 2446 Terentium
511 2385 653 2467 quinque
681 2384 811 2448 demum
837 2389 929 2449 annis
956 2392 1027 2470 post
1053 2389 1186 2470 primam
1214 2387 1360 2470 Hecyrae

185 2472 346 2536 actionem.
367 2469 508 2534 fabulam
535 2473 651 2536 iterum
678 2473 867 2540 vendidisse.
918 2473 1010 2550 Quod
1038 2495 1122 2539 anno
1150 2475 1212 2539 160
1237 2495 1263 2539 a.
1288 2473 1359 2539 Chr.

186 2559 286 2624 solam
305 2558 346 2624 cb
365 2578 433 2624 eam
452 2579 518 2624 rem
537 2561 655 2626 iactum
674 2581 743 2627 esse
759 2563 893 2645 videtur,
912 2564 997 2648 quod
1012 2564 1161 2627 ludorum
1177 2563 1359 2630 funebrium

186 2654 347 2714 curatores
364 2647 489 2713 Terenti
512 2651 605 2716 amici
628 2653 768 2736 ereutii)
793 2653 850 2736 qui
868 2655 1014 2717 comitate
1032 2653 1154 2719 inducti
1173 2655 1255 2718 lranc
1272 2653 1359 2718 fabu-

274 2789 307 2858 ¹⁵⁵)
325 2806 350 2844 v.
369 2789 428 2859 Dig.
447 2789 518 2844 XIX
536 2792 566 2846 3:
594 2792 644 2860 „de
663 2793 868 2848 aestimatoria“.
894 2824 928 2834 -
957 2794 992 2848 cf.
1012 2793 1188 2850 Windscheid
1206 2793 1255 2850 8Π
1273 2798 1288 2864 ᾗ
1307 2795 1359 2850 383

185 2863 213 2914 91
230 2859 395 2930 Dernburg⁸
412 2862 440 2916 Π
459 2862 475 2929 ξ
496 2862 556 2917 120.
581 2893 614 2902 -
640 2863 692 2918 Hic
711 2865 863 2918 contractus
882 2867 973 2919 nostro
990 2865 1049 2920 iure
1068 2866 1217 2935 appellatur
1235 2866 1359 2935 ,1111191-

185 2934 261 2986 vertr
294 2934 318 2985 “.
1192 2979 1193 2982 ¹

261 2947 306 3070 αέα)
320 3002 420 3057 Contra
430 3001 498 3054 nihil
509 3002 600 3058 valere
609 3005 677 3056 mihi
685 3005 794 3058 videtur
804 3005 902 3060 Donati
911 3007 1100 3076 testimonium,
1114 3009 1184 3077 quod
1197 3011 1239 3062 est
1250 3009 1278 3062 iu
1290 3009 1358 3063 Eun.

185 3074 269 3142 praef.
282 3075 318 3144 (p.
326 3073 361 3129 10
371 3072 389 3127 l.
397 3074 428 3127 11
442 3073 498 3142 R.):
515 3075 567 3141 „ut
578 3077 638 3129 acta
649 3077 692 3129 est
701 3075 767 3141 (scil.
777 3076 934 3141 Eunuchus)
943 3079 1017 3131 tanto
1027 3093 1162 3147 successu,
1175 3078 1271 3148 plausu
1280 3081 1359 3148 atque

184 3145 321 3214 suffragio,
339 3147 376 3198 ut
392 3159 509 3198 rursus
526 3147 616 3200 esset
631 3147 769 3201 vendita
786 3152 814 3202 et
827 3150 952 3216 ageretur
961 3149 1060 3203 iterum
1073 3165 1120 3218 pro
1133 3166 1204 3204 nova
1215 3167 1315 3219 proque
1328 3167 1361 3205 ea

184 3215 308 3283 pretium,
319 3216 388 3286 quod
397 3213 464 3269 nulli
474 3217 536 3270 ante
545 3216 630 3285 ipsam
640 3217 745 3272 tabulae
756 3219 873 3288 contigit,
882 3221 941 3274 octo
948 3219 1064 3274 millibus
1071 3221 1226 3275 sestertium
1234 3239 1360 3276 numera-

185 3288 247 3340 rent
262 3288 382 3354 poetae.“
406 3286 527 3341 Primum
544 3288 616 3342 enim
629 3289 696 3344 haee
709 3289 849 3358 explicatio
861 3291 921 3359 ipsa
931 3291 1048 3345 maxime
1061 3292 1141 3346 dubia
1153 3294 1202 3358 est,
1222 3309 1283 3347 cum
1295 3293 1360 3348 illud

184 3357 308 3425 pretinm,
327 3359 396 3426 quod
415 3357 515 3412 aediles
533 3361 627 3428 poetae
639 3361 744 3415 dedisse
757 3360 878 3416 Donatus
890 3365 989 3430 narrat,
1008 3365 1087 3418 antea
1105 3379 1159 3417 non
1177 3365 1359 3432 constitutum,

185 3427 232 3480 sed
257 3427 290 3481 ab
314 3427 366 3481 illis
384 3428 455 3482 ultro
473 3429 589 3484 solutum
609 3447 668 3486 esse
687 3431 796 3502 cogitari
815 3433 898 3502 possit
925 3434 971 3502 (et.
990 3434 1107 3488 Ritsohl:
1135 3435 1243 3504 Parerg.
1263 3452 1287 3505 p.
1307 3437 1360 3491 332

185 3498 571 3580 ρλβ’-9119119984),
608 3503 713 3558 Deinde
737 3520 799 3558 cum
822 3503 883 3558 illae
907 3506 974 3560 duae
999 3505 1122 3561 llrmuchi
1145 3506 1263 3561 actiones
1286 3507 1359 3562 nullo

185 3570 270 3638 spatio
297 3571 450 3622 mtermrssc
476 3571 590 3640 fierent,
618 3591 653 3628 ne
682 3574 715 3628 ob
743 3591 802 3629 eam
830 3576 937 3644 quidem
961 3593 1019 3631 rem
1043 3579 1076 3631 de
1103 3577 1188 3632 altera
1205 3579 1359 3633 venditione

185 3639 294 3709 cogitari
313 3641 407 3709 potest.
445 3640 567 3710 Denique
595 3647 666 3700 unde
686 3647 806 3700 Donatus
833 3647 878 3701 vel
905 3646 936 3716 is,
965 3649 1011 3717 qui
1038 3649 1218 3718 praefationes
1245 3650 1358 3719 scripsit,

184 3711 319 3778 hauserit,
339 3711 419 3765 etiam
438 3711 464 3764 id
484 3727 611 3781 apparere
629 3719 701 3786 puto.
739 3717 882 3772 Suetonius
901 3720 973 3773 enim
992 3719 1020 3772 in
1038 3719 1096 3773 Ter.
1116 3719 1163 3773 vit
1182 3721 1273 3774 narrat
1292 3721 1358 3775 haec

186 3785 221 3851 (p.
240 3783 284 3850 29,
303 3783 320 3837 8
338 3782 446 3852 Reme:
475 3783 638 3850 „Eunuchus
667 3789 773 3858 quidem
798 3789 837 3842 bis
862 3789 906 3843 die
926 3792 985 3844 acta
1008 3791 1050 3843 cst
1072 3790 1224 3859 meruitque
1244 3793 1359 3860 pretium

185 3855 313 3920 quantum
333 3853 407 3908 nulla
424 3856 507 3908 antea
522 3855 678 3924 cuiusquam
697 3861 840 3926 comoedia,
869 3863 928 3914 octo
956 3859 1030 3914 milia
1047 3864 1218 3929 nummum;“
1246 3866 1275 3916 et
1301 3863 1359 3932 ipse

184 3923 304 3978 Donatus
322 3925 351 3977 in
369 3926 495 3988 Auctario
514 3926 600 3980 solum
618 3928 684 3982 haec
703 3931 768 3985 dicit
786 3933 821 4001 (p.
834 3932 877 3998 35,
898 3932 932 3986 10
950 3931 1057 4000 Reice:
1078 3949 1131 4000 „ex
1149 3931 1245 4001 quibus
1264 3950 1359 4004 magno

184 4009 311 4076 successu
330 3997 359 4048 et
376 3997 461 4065 pretio
485 3998 561 4051 stetit
583 3998 730 4055 Drmuchus
753 4001 869 4056 fabula“
907 4002 986 4058 Certe
1009 4002 1091 4072 igitur
1112 4003 1233 4058 Donatus
1256 4005 1359 4059 nullum

184 4063 265 4119 aluum
284 4068 382 4121 testem
400 4067 493 4122 habuit
510 4068 563 4122 nisi
581 4067 737 4124 Suetonium
757 4075 784 4126 91
801 4073 884 4127 verba
907 4076 955 4140 „ut
974 4090 1067 4128 rursus
1087 4077 1160 4129 esset
1176 4076 1302 4131 vendita“
1326 4078 1359 4132 de

184 4137 368 4277 {ffipffladtlss}
370 4250 376 4262 ·
387 4137 414 4190 id
442 4140 511 4209 quod
538 4139 592 4194 iam
619 4141 745 4196 Dtiatzlro
773 4144 851 4214 (Mus.
870 4145 957 4204 Rhen.
976 4162 1036 4200 nov.
1056 4145 1127 4200 XXI
1146 4147 1232 4216 [1866]
1251 4165 1276 4216 p.
1296 4149 1360 4216 473)

275 4277 518 4348 ι7191Η9111911.
538 4298 559 4337 s.
579 4299 600 4336 s.
620 4285 705 4352 praef.
725 4303 750 4354 p.
771 4288 805 4338 14
823 4303 861 4357 sq.

1168 4379 1198 4432 6*
