3280 5048
741 331 961 396 -γὸ-

355 507 471 594 Neque
499 527 573 574 veru
600 509 707 574 minus
734 509 811 574 haec
839 510 965 592 negotia
991 510 1075 574 inter
1100 510 1239 593 privatos
1269 507 1441 574 florebant:

269 599 383 664 domus
406 599 583 679 struendae,
606 617 724 663 messes
746 599 931 682 exigendae,
953 599 1033 664 aliae
1055 617 1106 664 res
1128 598 1168 661 ab
1191 598 1262 664 aliis
1285 599 1443 664 conduce-

267 687 384 752 bantur
406 687 605 772 (Marquardt
622 687 642 751 t
661 687 701 772 l).
737 686 900 772 Persaepe,
922 688 956 753 id
979 688 1065 772 quod
1086 688 1126 751 ad
1143 694 1284 753 nostram
1303 691 1443 771 quaesti-

268 795 361 842 onem
379 783 507 862 speotat,
525 779 564 841 de
584 776 680 840 rebus
696 776 871 841 vendendis
888 778 1005 842 lterum
1019 777 1192 842 vendendis
1211 779 1324 861 agitur,
1342 778 1443 842 veluti

267 866 464 931 frumentarii
486 867 682 932 frumentum
704 867 739 929 in
761 866 933 950 provinciis
956 865 1141 932 coemebant
1169 871 1201 930 et
1222 865 1342 932 Romae
1364 886 1442 932 ven·

268 955 461 1038 ditabant,⁴⁴)
484 957 577 1021 multi
600 956 663 1019 alii.

358 1043 486 1129 Ubique
503 1046 600 1129 igitur
622 1045 656 1108 in
679 1045 745 1108 vita
763 1050 794 1109 et
811 1044 940 1128 publica
955 1049 986 1108 et
1004 1045 1126 1129 prIvata
1144 1045 1300 1110 eiusmodi
1316 1047 1443 1129 negotia

268 1133 387 1199 Romae
410 1135 548 1198 maxime
570 1132 716 1198 floruisse
738 1133 892 1199 videmus.
922 1132 993 1198 Hac
1016 1151 1199 1218 quoquere
1222 1152 1260 1198 aa
1277 1136 1443 1217 sententia,

269 1243 364 1307 quarn
388 1222 428 1288 do
451 1223 571 1286 domini
592 1224 697 1306 gregis
720 1223 905 1288 condicione
928 1222 1091 1303 babemus,
1113 1222 1206 1288 valde
1228 1221 1442 1306 confirmatur,

268 1313 312 1375 ita
321 1316 357 1376 ut
371 1313 414 1393 id,
430 1312 516 1396 quod
527 1311 566 1376 de
582 1311 709 1376 domino
720 1313 825 1396 gregis
839 1313 1018 1394 statuimus,
1033 1318 1208 1376 ceterorum
1222 1317 1441 1377 conuectuum

268 1403 389 1465 ratione
413 1401 518 1465 habita
541 1420 605 1466 non
628 1402 722 1465 modo
745 1401 830 1466 credi
853 1419 961 1486 posse,
992 1400 1048 1465 sed
1076 1403 1171 1465 etiam
1199 1402 1238 1467 ad
1269 1403 1442 1466 maximam

269 1489 578 1556 verisimilitudinem
597 1490 745 1555 acoedere
767 1509 1007 1574 cognoscamus.

357 1667 453 1734 Nunc
475 1670 622 1733 venimus
644 1668 683 1732 ad
707 1668 838 1732 alteram
861 1670 1088 1753 quaestionem,
1111 1688 1174 1753 qua
1198 1670 1374 1753 quaeritur:

359 1757 561 1824 Cuiusnam
585 1757 740 1822 fabulae
762 1763 871 1822 actae
892 1759 1041 1823 fuerint.

359 1846 462 1923 Quam
485 1847 658 1912 diiudicare
673 1866 739 1911 non
757 1867 927 1931 possumus
942 1848 1002 1911 nisi
1027 1848 1124 1932 prius,
1148 1846 1265 1931 quibus
1283 1848 1444 1914 condicio·

269 1934 367 2000 nibus
389 1942 482 2020 poeta
504 1935 632 2000 domino
654 1938 759 2019 gregis
782 1936 905 2000 fabulas
929 1936 1113 2019 vendiderit,
1135 1937 1392 2002 intellexerimus.

359 2023 428 2088 Hac
450 2025 485 2087 in
507 2043 542 2088 re
565 2031 707 2088 veterum
730 2026 910 2090 testimonia
933 2043 991 2088 nos
1014 2043 1144 2108 prorsus
1166 2023 1325 2090 deficiunt
1372 2024 1444 2102 Quo

270 2115 369 2199 magis
403 2132 532 2178 necesse
562 2118 610 2177 est
640 2114 700 2178 heo
733 2113 772 2176 de
804 2132 838 2176 re
866 2113 1015 2178 universe
1043 2120 1074 2178 et
1101 2115 1275 2197 generatim
1301 2133 1444 2198 agamus,

269 2205 454 2288 priusquam
478 2221 520 2268 ex
542 2201 676 2284 singulis
698 2201 777 2267 locis
801 2203 878 2286 quid
906 2203 985 2268 disci
1016 2204 1114 2287 possit
1143 2203 1182 2267 de
1204 2203 1443 2268 condicionibus

269 2294 384 2357 horum
407 2297 636 2374 contractuum,
658 2291 868 2376 inquiramus.
914 2291 1031 2356 Poetae
1048 2291 1255 2356 venditabant
1275 2290 1442 2375 fabrustt)

271 2382 399 2446 domino
421 2383 541 2465 gregis,
569 2383 624 2466 qui
656 2399 710 2445 sas
738 2382 776 2445 ab
800 2382 855 2446 illo
879 2383 962 2446 emit
1008 2380 1072 2446 Hic
1094 2400 1168 2446 cum
1190 2382 1232 2446 sit
1254 2387 1442 2463 contractus,

270 2489 366 2555 quem
384 2469 520 2536 Romani
541 2470 701 2555 appellant
718 2473 909 2556 emptionem
927 2471 1151 2552 venditionem,
1173 2471 1207 2534 in
1227 2489 1321 2554 quern
1340 2475 1443 2536 cerae

269 2561 354 2644 leges
377 2559 596 2644 formulaeque
619 2560 741 2643 cadant,
763 2561 841 2625 haeo
865 2561 1006 2645 quaestio
1030 2566 1164 2624 estnon
1188 2560 1290 2624 solum
1312 2559 1441 2645 philolo·

269 2669 391 2733 gerum,
413 2650 469 2714 sed
491 2650 587 2714 etiam
609 2650 688 2712 iuris
711 2650 892 2734 peritorum.
938 2649 1000 2713 Sed
1015 2647 1126 2713 nullus
1144 2648 1183 2719 de
1200 2648 1318 2714 fabulis
1337 2667 1442 2713 ernen-

271 2739 319 2802 dis
347 2738 521 2802 vendendis
549 2743 728 2803 contractus
753 2756 827 2802 cum
851 2743 961 2820 exstet,
983 2739 1156 2822 praeceptis
1179 2743 1210 2802 et
1231 2739 1443 2823 inscriptioni-

270 2825 339 2908 bus,
374 2845 454 2911 quas
485 2826 525 2889 de
554 2826 627 2890 aliis
658 2825 753 2890 rebus
786 2826 927 2890 emendis
950 2826 1124 2893 vendendis
1147 2826 1310 2909 babemus,
1340 2828 1443 2890 niten-

271 2915 347 2980 dum
371 2922 426 2980 est.

362 3007 389 3068 1.
413 3003 552 3069 Fabulae
574 3005 746 3088 quominus
775 3007 809 3068 iu
833 3003 942 3085 rebus,
974 3023 1056 3087 quae
1080 3006 1149 3069 emi
1171 3007 1281 3068 venire
1303 3009 1444 3088 possunt,

270 3094 454 3176 habeantur,
476 3095 523 3158 nil
546 3093 656 3158 obstat
691 3093 818 3159 Etenim
838 3112 947 3158 omnes
970 3112 1021 3158 res
1044 3095 1107 3158 omi
1129 3095 1239 3158 venire
1261 3093 1443 3178 possunt.⁴“)

360 3185 390 3246 2.
413 3183 536 3248 Deinde
559 3183 729 3248 videndum
754 3188 810 3266 est,
834 3200 988 3266 quosnam
1008 3189 1152 3247 auctores
1170 3183 1209 3247 de
1227 3184 1296 3246 iure
1312 3183 1443 3267 emptio-

272 3275 323 3336 nis
346 3273 538 3337 venditionis
559 3273 599 3336 ad
615 3273 795 3337 secundum
818 3293 845 3336 a.
862 3270 932 3336 Chr.
957 3272 1120 3337 saeculum
1138 3273 1331 3355 pertinentes
1349 3269 1443 3333 habe·

273 3381 372 3426 amus.
418 3362 456 3425 In
481 3361 598 3445 quibus
620 3363 728 3446 magni
751 3367 826 3426 sunt
849 3363 1001 3426 momenti
1024 3381 1076 3444 ea,
1099 3379 1181 3445 quae
1204 3362 1263 3424 hac
1285 3360 1324 3425 de
1346 3377 1381 3423 re
1403 3377 1444 3423 ex

271 3451 386 3534 Plauti,
411 3449 546 3531 Catonis,
569 3450 738 3532 Varronis,
761 3449 921 3514 ciceronis
943 3450 1034 3514 libris
1057 3450 1276 3534 comperimus.
1323 3447 1445 3512 Deinde

271 3541 436 3604 haurimus
459 3559 501 3604 ex
523 3541 657 3623 posteris
678 3541 758 3605 iurIs
782 3541 884 3604 civilis
906 3541 1094 3624 praeceptis,
1122 3539 1222 3604 veluti
1249 3557 1291 3603 ex
1314 3536 1374 3602 Gai
1395 3538 1444 3600 in·

359 3699 382 3730 u

359 3699 393 3837 “I
411 3697 782 3840 {itaeliietrrqeuoalel‹trrrlosssstipula}¹
792 3697 1013 3852 niiiitiravimue,
1032 3767 1104 3824 locos
1122 3769 1175 3822 huo
1193 3768 1317 3850 spectant
1333 3766 1362 3819 hi
1375 3765 1444 3849 ‘loci2

270 3843 343 3896 Suet.
368 3841 410 3908 ,de
428 3843 523 3911 poetrs‘
558 3859 582 3910 p.
602 3842 637 3896 36
655 3841 764 3910 Rarff.):
793 3840 944 3907 „Pacurnus
963 3881 970 3893 .
991 3879 996 3893 .
1017 3882 1023 3895 .
1046 3840 1151 3896 fabulas
1169 3839 1348 3906 vendrtavrt‘3
1373 3837 1445 3891 rdem

270 3915 305 3982 (p.
325 3912 361 3966 24
379 3913 485 3981 seius:
513 3913 553 3980 „P
579 3914 641 3966 utos
661 3954 667 3967 .
687 3951 694 3966 .
714 3952 720 3965 .
740 3911 857 3966 scribere
876 3910 980 3965 tabulas
998 3911 1092 3966 solitus
1110 3927 1142 3966 ao
1160 3911 1306 3966 vendere“.
1325 3910 1361 3964 cf.
1379 3908 1445 3963 Hie-

270 4000 414 4052 ronymum
432 3984 464 4038 ad
482 3983 581 4038 Ermebi
599 3984 691 4039 chron.
712 3983 779 4038 1817
800 3983 904 4052 (=554
922 3997 945 4036 a
964 3982 1003 4054 u)
1023 3981 1074 4052 [Ol.
1095 3982 1155 4050 145,
1175 3983 1210 4052 1].

360 4054 393 4123 ⁴⁰)
413 4055 449 4109 ol.
467 4054 526 4125 Dig.
546 4054 643 4110 XVIII
662 4056 687 4124 1,
705 4055 742 4110 34
760 4054 776 4122 ἕ
797 4056 825 4108 1:
849 4053 985 4120 „omnium
1003 4070 1103 4122 rerum,
1123 4068 1188 4122 quas
1207 4052 1266 4124 quis
1283 4051 1383 4106 habere
1402 4048 1445 4105 vel

271 4126 407 4196 possidere
429 4125 474 4180 vel
496 4142 576 4195 perse
594 4127 622 4181 ui
646 4128 747 4196 potest,
775 4125 893 4180 venditio
916 4128 990 4180 recte
1013 4126 1073 4179 fit‘.
1109 4125 1168 4180 Hac
1193 4125 1228 4178 de
1246 4140 1276 4178 re
1295 4123 1331 4177 cl.
1351 4121 1445 4176 Wind-

271 4197 375 4252 scheid:
402 4196 562 4265 „Iehrbuoh
577 4143 632 4252 Ias
654 4196 950 4252 Pandektenreohts.“⁸
968 4197 995 4250 II
1014 4195 1107 4266 (1900)
1126 4212 1151 4263 p.
1171 4195 1224 4250 585
1243 4197 1271 4248 et
1288 4192 1446 4262 Dernburg:

274 4267 464 4337 „Pandekteffl
476 4267 487 4298 ⁰
499 4268 526 4322 ΙΙ
545 4267 636 4338 (1900)
655 4270 670 4338 ἓ
688 4267 732 4323 94.
