3280 5048
712 307 962 370 ...84-

266 483 331 550 lam
361 503 418 570 per
445 438 630 551 Ambivium
659 485 797 551 oblatam
824 491 976 552 emerunt.
1027 485 1139 570 Neque
1168 505 1242 552 vero
1271 489 1445 572 quiequam

267 574 326 638 hac
349 575 565 660 reprobatur.
598 573 764 641 Terentius
787 577 872 640 enim
895 575 1055 658 Hecyram
1080 579 1195 640 iterum
1218 576 1334 642 referre
1357 578 1400 662 (h.
1416 597 1444 643 e.

267 683 326 747 pro
345 669 451 730 vetere
469 668 573 749 agere)
591 665 659 748 ipse
676 666 788 748 noluit,
811 665 979 730 utiterum
998 669 1103 750 posset
1121 665 1258 730 vendere
1275 685 1333 751 pro
1352 685 1444 733 nova

267 752 318 837 (cf.
340 773 437 839 snpra
458 775 487 838 p.
507 754 550 818 38
573 754 644 820 adn.
664 755 742 838 88).-

356 841 415 908 111.
442 841 589 927 Denique
617 848 796 908 conmeatus
825 844 954 928 quidam
984 842 1023 908 ab
1047 843 1111 908 illis
1133 843 1291 928 prioribus
1313 859 1444 929 prorsus

267 932 411 996 diversus
432 931 502 997 fieri
524 933 626 1016 potuit
648 937 745 1018 atque
767 934 795 997 is
813 953 938 1016 magna,
961 938 997 996 ut
1014 934 1092 998 mihi
1111 933 1245 1016 videtur,
1268 953 1341 998 cnm
1360 937 1441 999 veri·

268 1020 484 1085 similitudine.
536 1019 616 1086 (lum
648 1024 734 1086 enim
766 1028 798 1086 et
827 1027 920 1106 pocta
948 1028 979 1086 et
1008 1023 1156 1088 dominus
1182 1026 1287 1108 gregis
1316 1042 1442 1109 operam

267 1129 359 1174 suam
386 1112 418 1173 in
444 1111 535 1175 ludos
558 1113 719 1176 scaenicos
741 1111 872 1192 locaret,
901 1130 964 1194 quo
986 1113 1020 1174 in
1044 1111 1149 1177 studio
1172 1112 1250 1176 alter
1273 1113 1371 1177 altero
1393 1115 1442 1176 iu-

269 1199 397 1283 digeret,
421 1200 686 1264 verisimillimum
710 1219 778 1264 esse
795 1208 872 1285 puto
892 1219 947 1264 sos
964 1219 1112 1284 persaepe
1131 1207 1324 1266 conuectum
1344 1205 1442 1266 socie-

267 1289 341 1352 tatis
368 1287 516 1353 effecisse.
561 1288 634 1353 Non
661 1291 758 1374 igitur
786 1289 909 1354 emebat
936 1296 1022 1354 actor
1049 1289 1190 1353 tabulam
1215 1298 1360 1374 aposta,
1386 1292 1441 1356 sed

267 1380 358 1460 pocta
381 1376 475 1442 dabat
493 1377 643 1458 fabulam,
668 1383 755 1443 actor
771 1381 859 1462 gregi
878 1397 936 1442 suo
955 1379 1108 1462 agendam
1126 1378 1268 1447 curabat
1302 1379 1440 1445 Lucrum

269 1470 384 1547 autem,
401 1467 485 1550 quod
501 1486 543 1531 ex
558 1467 664 1532 tabula
679 1473 749 1532 acta
760 1471 937 1552 iterataque
948 1467 1138 1552 capiebatur,
1154 1487 1263 1533 eorum
1275 1488 1442 1533 commune

268 1556 384 1636 erat.⁵⁸)
434 1553 505 1620 Hoc
535 1564 640 1641 puoto,
672 1562 708 1620 ut
721 1558 917 1640 exemplum
945 1556 1085 1639 afferam,
1117 1558 1199 1622 inter
1227 1556 1263 1633 Q.
1291 1556 1442 1623 Roscium

269 1644 454 1708 comoedum
488 1650 519 1710 st
546 1643 578 1710 0.
598 1645 757 1710 Fannium
785 1644 954 1710 Chaeream
982 1652 1184 1728 convenerat,
1215 1654 1251 1711 ut
1283 1656 1443 1731 quaestus,

269 1752 365 1818 quem
388 1733 557 1819 Panurgus
580 1736 675 1800 huius
699 1752 820 1817 servus,
849 1755 945 1819 quem
967 1735 1022 1799 ille
1045 1739 1111 1800 arte
1133 1736 1315 1800 histrionica
1337 1737 1443 1801 erudi-

269 1827 366 1903 verat,
388 1822 530 1888 facturus
552 1829 642 1904 esset,
667 1825 845 1888 communis
868 1825 997 1902 esset.⁶⁹t

357 1909 407 1974 Ita
433 1912 463 1975 si
489 1914 571 1975 inter
599 1911 772 1978 Caecilium
799 1920 831 1978 et
856 1913 1045 1979 Ambivium
1073 1915 1258 1978 convenisse
1284 1919 1443 1999 putamus,

268 2000 359 2063 facile
388 2001 578 2084 explicatur,
605 2021 662 2064 our
689 2009 720 2066 et
740 2001 917 2066 'Ambivius
944 2002 1066 2067 fabulas
1095 2002 1287 2068 Caecilianus
1315 2010 1443 2069 exactas

270 2087 428 2154 iterandas
455 2091 626 2173 curaverit,
653 2096 684 2154 et
711 2090 869 2175 quomodo
899 2091 1002 2155 dicere
1028 2094 1166 2175 potuerit
1193 2087 1281 2180 (Hec.
1307 2094 1384 2176 prol.
1407 2091 1442 2156 11

269 2198 298 2243 v.
320 2178 360 2242 10
385 2179 458 2261 sq.):
484 2183 538 2266 „ut
559 2178 598 2243 ab
622 2180 732 2245 eodem
755 2179 834 2244 alias
856 2179 1009 2245 discerem
1032 2182 1157 2246 novas“.

358 2265 483 2332 Deinde
516 2270 693 2354 explicatur
707 2325 710 2331 .
723 2268 904 2334 Terentium
935 2274 1060 2354 poetam
1090 2270 1161 2333 iure
1192 2287 1250 2334 suo
1282 2269 1441 2353 Hecyram

269 2355 379 2420 referri
402 2359 554 2441 vetuisse,
578 2360 695 2422 etenim
717 2377 875 2423 consensu
897 2359 1054 2423 sociorum
1078 2377 1157 2443 opus
1180 2359 1297 2443 erat.⁶⁰)
1338 2359 1440 2424 Simul

269 2451 300 2508 et
327 2445 521 2530 intellegitur
544 2447 729 2512 Ambivium
753 2445 914 2530 Hecyram
941 2448 1116 2512 iterandam
1143 2452 1251 2532 postea
1273 2449 1440 2513 curavisse.

358 2533 429 2600 Hoc
461 2537 554 2601 modo
586 2538 680 2601 etiam
713 2537 791 2602 illud
818 2537 970 2621 pretium,
1002 2537 1087 2622 quod
1115 2535 1290 2601 Eunuchus
1318 2537 1441 2618 meruit,

270 2629 339 2688 octo
362 2624 451 2688 milia
470 2644 641 2690 nummum
664 2626 762 2690 fuisse
784 2626 892 2692 nescio
916 2645 957 2689 an
975 2625 1123 2690 facillime
1141 2626 1324 2711 explicetur.
1355 2625 1439 2690 Nam

272 2714 358 2795 quod
380 2714 582 2796 praefationis
605 2713 755 2778 Eunuchi
778 2715 911 2798 scriptor
932 2716 977 2778 ait
998 2717 1135 2798 pretium
1154 2721 1354 2780 numeratum
1373 2733 1441 2779 esse

269 2807 388 2884 poetae,
411 2802 490 2866 nihil
513 2805 618 2867 valere
641 2821 683 2866 cx
706 2803 760 2886 eis,
784 2822 866 2888 quac
888 2822 985 2887 supra
1008 2805 1048 2888 (p.
1068 2804 1110 2868 83
1134 2803 1204 2868 adn.
1226 2802 1281 2887 56)
1299 2805 1441 2888 exposui,

270 2890 345 2953 satis
369 2889 478 2956 elucet

270 3102 288 3154 h
337 3028 393 3155 1⁶⁸)
412 3032 445 3086 In
463 3031 575 3102 singulis
593 3032 673 3088 rebus
692 3033 736 3087 hic
749 3049 854 3101 quoque
867 3035 1019 3088 contractus
1031 3032 1248 3087 maximevarius
1266 3033 1336 3101 erat3
1355 3033 1441 3087 aliero

289 3117 318 3156 os
347 3118 421 3157 ocos:

359 3174 385 3242 a)
403 3174 462 3244 Dig.
474 3174 558 3230 XVII
566 3174 592 3244 2,
607 3177 620 3228 1
632 3192 684 3245 pn:
698 3175 815 3244 „Paulus
827 3174 894 3230 libro
907 3175 941 3229 32
954 3177 986 3230 ad
999 3175 1128 3230 edictum:
1147 3175 1265 3230 Societas
1277 3175 1341 3229 coiri
1353 3175 1441 3242 potest

405 3245 450 3300 vel
467 3247 496 3299 in
515 3248 684 3316 perpetuum,
710 3247 737 3300 id
755 3249 797 3300 est
815 3248 879 3301 dum
897 3247 1001 3315 vivunt,
1020 3246 1063 3301 vel
1082 3248 1114 3301 ad
1132 3248 1239 3315 tempus
1256 3245 1301 3300 vel
1319 3262 1354 3300 ex
1371 3247 1440 3298 tem-

406 3333 470 3385 pore
488 3316 533 3372 vel
552 3317 601 3372 sub
620 3318 800 3372 condicione“.

359 3386 385 3456 b)
403 3388 463 3457 Dig.
477 3387 559 3442 xvn
571 3389 587 3441 2
601 3387 618 3442 l.
632 3391 648 3444 5
667 3406 719 3459 pr.:
739 3389 887 3459 „Ulpianus
899 3389 966 3444 libro
979 3391 1011 3444 31
1026 3390 1058 3444 ad
1072 3389 1201 3444 edictum:
1220 3387 1365 3443 societates
1378 3402 1440 3440 con-

405 3459 550 3512 trahuntur
577 3459 634 3514 sive
662 3461 848 3514 universorum
877 3460 1006 3514 honorum
1034 3460 1091 3516 sive
1120 3458 1306 3530 negotiationis
1331 3457 1441 3514 alienius

407 3531 464 3584 sive
483 3529 621 3600 vectigalis
640 3530 697 3584 sive
716 3531 796 3586 etiam
815 3531 856 3586 rei
873 3532 978 3586 unius“.

359 3603 384 3672 e)
402 3602 462 3672 Dig.
481 3601 564 3655 XVII
581 3601 598 3654 2
617 3601 634 3655 l.
654 3601 689 3674 29
708 3619 760 3672 pr:
787 3602 935 3672 „Ulpianus
957 3603 1024 3657 libro
1048 3602 1083 3657 30
1102 3604 1134 3657 ad
1159 3601 1297 3658 Sabinum:
1335 3600 1363 3655 Si
1387 3615 1443 3654 non

405 3673 510 3728 fuerint
526 3674 616 3742 partes
634 3673 754 3728 societati
772 3674 904 3743 adiectae,
924 3688 1022 3742 aequas
1040 3689 1086 3728 eas
1105 3689 1164 3728 esse
1183 3673 1294 3728 constat
1331 3671 1442 3726 sivero

405 3744 544 3814 placuerit,
572 3747 603 3798 ut
625 3745 685 3814 quis
710 3746 776 3799 duas
804 3747 893 3814 partes
920 3744 1039 3799 veltres
1066 3745 1177 3812 habeat,
1205 3743 1272 3798 alius
1290 3759 1380 3806 unam,
1407 3757 1443 3796 an

404 3815 511 3870 valeat?
539 3814 628 3884 placet
648 3815 753 3885 valere,
782 3817 805 3870 si
831 3817 909 3870 modo
931 3814 1029 3886 aliquid
1052 3816 1111 3886 plus
1129 3813 1243 3870 contulit
1259 3813 1380 3870 societati
1397 3811 1442 3866 vel

406 3886 536 3956 pecuniae
555 3885 599 3941 vel
617 3903 713 3957 operae
731 3886 777 3942 vel
795 3887 986 3955 cuiuscumque
1005 3887 1115 3942 alterius
1133 3886 1174 3940 rei
1192 3889 1299 3940 causa“

360 3956 391 4024 ⁶⁹)
410 3957 498 4012 Huius
516 3957 602 4011 simile
622 3957 783 4028 exemplum,
793 3959 910 4014 affertur
926 3957 955 4011 in
972 3959 1032 4028 Dig.
1050 3957 1133 4012 XVII
1150 3957 1167 4011 2
1186 3956 1203 4012 l.
1223 3959 1255 4012 71
1277 3972 1330 4025 pr.:
1349 3955 1442 4024 „Idem

270 4028 337 4097 (soil.
356 4028 464 4096 Paulus)
491 4026 559 4082 libro
586 4029 666 4084 tertio
694 4030 870 4098 epitomarum
887 4029 980 4084 Alfeni
1001 4029 1180 4098 digestorum:
1208 4027 1268 4082 Duo
1287 4027 1442 4082 societatem

270 4099 399 4167 coienmt,
418 4102 448 4153 ut
465 4100 664 4169 grammaticam
677 4102 806 4156 docerent
818 4102 846 4155 et
857 4101 927 4170 quod
946 4117 981 4156 ex
993 4117 1025 4156 eo
1038 4101 1152 4155 artificio
1165 4101 1292 4170 quaestus
1304 4097 1442 4166 iecissent,

270 4187 411 4224 commune
431 4186 523 4225 eorum
543 4173 640 4225 esset“.

359 4241 391 4308 ω)
411 4241 466 4295 Gai.
486 4241 528 4295 III
549 4243 598 4297 136
618 4243 663 4312 (cf.
683 4257 764 4310 supra
782 4258 805 4312 p.
819 4244 854 4297 79
873 4243 932 4297 adu.
946 4243 999 4312 47).
1029 4273 1058 4282 -
1082 4243 1149 4297 Inst.
1169 4241 1264 4296 11122
1284 4258 1324 4309 pr.
1350 4267 1384 4282 -
1408 4238 1441 4294 al.
