<?xml version="1.0" encoding="UTF-8"?>
<!DOCTYPE html PUBLIC "-//W3C//DTD XHTML 1.0 Transitional//EN"
    "http://www.w3.org/TR/xhtml1/DTD/xhtml1-transitional.dtd">
<html xmlns="http://www.w3.org/1999/xhtml" xml:lang="en" lang="en">
 <head>
  <title>
</title>
<meta http-equiv="Content-Type" content="text/html;charset=utf-8" />
  <meta name='ocr-system' content='tesseract 3.04.00' />
  <meta name='ocr-capabilities' content='ocr_page ocr_carea ocr_par ocr_line ocrx_word'/>
</head>
<body>
  <div class='ocr_page' id='page_1' title='image "./quaestionestere00meyegoog_0076.png"; bbox 0 0 3280 5048; ppageno 0'>
   <div class='ocr_carea' id='block_1_1' title="bbox 667 350 888 415">
    <p class='ocr_par' dir='ltr' id='par_1_1' title="bbox 667 350 888 415">
     <span class='ocr_line' id='line_1_1' title="bbox 667 350 888 415; baseline 0 -15"><span class='ocrx_word' id='word_1_1' title='bbox 667 350 888 415; x_wconf 75' lang='grc'>..69-</span> 
     </span>
    </p>
   </div>
   <div class='ocr_carea' id='block_1_2' title="bbox 174 527 1368 2661">
    <p class='ocr_par' dir='ltr' id='par_1_2' title="bbox 190 527 1366 793">
     <span class='ocr_line' id='line_1_2' title="bbox 190 527 1365 614; baseline -0.003 -19"><span class='ocrx_word' id='word_1_2' title='bbox 190 531 349 596; x_wconf 87' lang='lat' dir='ltr'>decanea</span> <span class='ocrx_word' id='word_1_3' title='bbox 371 528 559 595; x_wconf 83' lang='lat' dir='ltr'><strong>Ambivium</strong></span> <span class='ocrx_word' id='word_1_4' title='bbox 582 528 687 594; x_wconf 90' lang='lat' dir='ltr'>dicere</span> <span class='ocrx_word' id='word_1_5' title='bbox 708 546 813 614; x_wconf 90' lang='lat' dir='ltr'>posse:</span> <span class='ocrx_word' id='word_1_6' title='bbox 840 527 980 610; x_wconf 86' lang='lat' dir='ltr'>„fabulas</span> <span class='ocrx_word' id='word_1_7' title='bbox 1001 529 1102 612; x_wconf 89' lang='lat' dir='ltr'>pretio</span> <span class='ocrx_word' id='word_1_8' title='bbox 1125 533 1246 612; x_wconf 88' lang='lat' dir='ltr'>emptas</span> <span class='ocrx_word' id='word_1_9' title='bbox 1268 527 1365 592; x_wconf 85' lang='lat' dir='ltr'>mec“.</span> 
     </span>
     <span class='ocr_line' id='line_1_3' title="bbox 192 616 1366 702; baseline -0.003 -18"><span class='ocrx_word' id='word_1_10' title='bbox 192 619 282 696; x_wconf 87' lang='lat' dir='ltr'>Quae</span> <span class='ocrx_word' id='word_1_11' title='bbox 297 620 454 684; x_wconf 89' lang='lat' dir='ltr'>sententia</span> <span class='ocrx_word' id='word_1_12' title='bbox 471 638 491 681; x_wconf 85' lang='lat' dir='ltr'>a</span> <span class='ocrx_word' id='word_1_13' title='bbox 507 617 680 682; x_wconf 87' lang='lat' dir='ltr'>Ritscbelio</span> <span class='ocrx_word' id='word_1_14' title='bbox 698 616 828 702; x_wconf 90' lang='lat' dir='ltr'>probata</span> <span class='ocrx_word' id='word_1_15' title='bbox 846 618 905 681; x_wconf 92' lang='lat' dir='ltr'>etsi</span> <span class='ocrx_word' id='word_1_16' title='bbox 922 616 987 681; x_wconf 87' lang='lat' dir='ltr'>fere</span> <span class='ocrx_word' id='word_1_17' title='bbox 1005 617 1153 681; x_wconf 88' lang='lat' dir='ltr'>omnibus</span> <span class='ocrx_word' id='word_1_18' title='bbox 1170 618 1248 681; x_wconf 83' lang='lat' dir='ltr'>viris</span> <span class='ocrx_word' id='word_1_19' title='bbox 1266 617 1366 680; x_wconf 91' lang='lat' dir='ltr'>doctis</span> 
     </span>
     <span class='ocr_line' id='line_1_4' title="bbox 191 706 1120 793; baseline -0.004 -20"><span class='ocrx_word' id='word_1_20' title='bbox 191 707 393 793; x_wconf 61' lang='lat' dir='ltr'>imposuitst‘)</span> <span class='ocrx_word' id='word_1_21' title='bbox 415 708 495 771; x_wconf 92' lang='lat' dir='ltr'>mibi</span> <span class='ocrx_word' id='word_1_22' title='bbox 518 711 622 771; x_wconf 88' lang='lat' dir='ltr'>tamen</span> <span class='ocrx_word' id='word_1_23' title='bbox 647 706 814 790; x_wconf 86' lang='lat' dir='ltr'>scrupulos</span> <span class='ocrx_word' id='word_1_24' title='bbox 837 706 991 790; x_wconf 89' lang='lat' dir='ltr'>quosdam</span> <span class='ocrx_word' id='word_1_25' title='bbox 1014 708 1120 771; x_wconf 84' lang='lat' dir='ltr'>movit</span> 
     </span>
    </p>

    <p class='ocr_par' dir='ltr' id='par_1_3' title="bbox 174 794 1368 2304">
     <span class='ocr_line' id='line_1_5' title="bbox 280 794 1365 880; baseline -0.002 -20"><span class='ocrx_word' id='word_1_26' title='bbox 280 797 305 861; x_wconf 90' lang='lat' dir='ltr'>l.</span> <span class='ocrx_word' id='word_1_27' title='bbox 335 795 426 880; x_wconf 87' lang='lat' dir='ltr'>Nego</span> <span class='ocrx_word' id='word_1_28' title='bbox 449 798 534 860; x_wconf 89' lang='lat' dir='ltr'>enim</span> <span class='ocrx_word' id='word_1_29' title='bbox 558 797 723 861; x_wconf 90' lang='lat' dir='ltr'>dominum</span> <span class='ocrx_word' id='word_1_30' title='bbox 746 796 859 879; x_wconf 86' lang='lat' dir='ltr'>gregis,</span> <span class='ocrx_word' id='word_1_31' title='bbox 882 795 910 859; x_wconf 93' lang='lat' dir='ltr'>si</span> <span class='ocrx_word' id='word_1_32' title='bbox 932 794 1040 859; x_wconf 88' lang='lat' dir='ltr'>fabula</span> <span class='ocrx_word' id='word_1_33' title='bbox 1062 799 1263 877; x_wconf 76' lang='lat' dir='ltr'>exactaerat,</span> <span class='ocrx_word' id='word_1_34' title='bbox 1286 794 1365 858; x_wconf 93' lang='lat' dir='ltr'>illud</span> 
     </span>
     <span class='ocr_line' id='line_1_6' title="bbox 191 881 1365 972; baseline -0.003 -21"><span class='ocrx_word' id='word_1_35' title='bbox 191 888 337 972; x_wconf 87' lang='lat' dir='ltr'>pretium,</span> <span class='ocrx_word' id='word_1_36' title='bbox 361 886 446 970; x_wconf 92' lang='lat' dir='ltr'>quod</span> <span class='ocrx_word' id='word_1_37' title='bbox 469 886 585 950; x_wconf 79' lang='lat' dir='ltr'>aediles</span> <span class='ocrx_word' id='word_1_38' title='bbox 608 893 718 970; x_wconf 90' lang='lat' dir='ltr'>poetae</span> <span class='ocrx_word' id='word_1_39' title='bbox 741 884 965 969; x_wconf 78' lang='lat' dir='ltr'>pependerant,</span> <span class='ocrx_word' id='word_1_40' title='bbox 988 883 1142 948; x_wconf 91' lang='lat' dir='ltr'>aedilibus</span> <span class='ocrx_word' id='word_1_41' title='bbox 1164 884 1295 948; x_wconf 91' lang='lat' dir='ltr'>reddere</span> <span class='ocrx_word' id='word_1_42' title='bbox 1313 881 1365 947; x_wconf 77' lang='lat' dir='ltr'>de</span> 
     </span>
     <span class='ocr_line' id='line_1_7' title="bbox 191 969 1366 1057; baseline -0.003 -18"><span class='ocrx_word' id='word_1_43' title='bbox 191 969 356 1056; x_wconf 77' lang='lat' dir='ltr'>bui&#39;sse.¹⁶).</span> <span class='ocrx_word' id='word_1_44' title='bbox 379 974 508 1038; x_wconf 78' lang='lat' dir='ltr'><strong>Etenim</strong></span> <span class='ocrx_word' id='word_1_45' title='bbox 524 976 582 1038; x_wconf 89' lang='lat' dir='ltr'>etsi</span> <span class='ocrx_word' id='word_1_46' title='bbox 598 975 747 1037; x_wconf 93' lang='lat' dir='ltr'>dominus</span> <span class='ocrx_word' id='word_1_47' title='bbox 761 975 866 1057; x_wconf 90' lang='lat' dir='ltr'>gregis</span> <span class='ocrx_word' id='word_1_48' title='bbox 881 972 1020 1037; x_wconf 88' lang='lat' dir='ltr'>fabulam</span> <span class='ocrx_word' id='word_1_49' title='bbox 1037 974 1256 1038; x_wconf 77' lang='lat' dir='ltr'>aestimaverat</span> <span class='ocrx_word' id='word_1_50' title='bbox 1270 978 1366 1057; x_wconf 92' lang='lat' dir='ltr'>atque</span> 
     </span>
     <span class='ocr_line' id='line_1_8' title="bbox 192 1061 1365 1146; baseline -0.003 -18"><span class='ocrx_word' id='word_1_51' title='bbox 192 1065 316 1129; x_wconf 78' lang='lat' dir='ltr'>dixerat</span> <span class='ocrx_word' id='word_1_52' title='bbox 341 1063 482 1128; x_wconf 87' lang='lat' dir='ltr'>fabulam</span> <span class='ocrx_word' id='word_1_53' title='bbox 505 1063 620 1127; x_wconf 89' lang='lat' dir='ltr'>bonam</span> <span class='ocrx_word' id='word_1_54' title='bbox 643 1063 853 1145; x_wconf 85' lang='lat' dir='ltr'>idoneamque</span> <span class='ocrx_word' id='word_1_55' title='bbox 877 1080 957 1144; x_wconf 88' lang='lat' dir='ltr'>esso,</span> <span class='ocrx_word' id='word_1_56' title='bbox 985 1069 1089 1127; x_wconf 88' lang='lat' dir='ltr'>tamen</span> <span class='ocrx_word' id='word_1_57' title='bbox 1113 1061 1298 1146; x_wconf 80' lang='lat' dir='ltr'>singulaene</span> <span class='ocrx_word' id='word_1_58' title='bbox 1320 1061 1365 1125; x_wconf 88' lang='lat' dir='ltr'>fa·</span> 
     </span>
     <span class='ocr_line' id='line_1_9' title="bbox 192 1151 1366 1238; baseline -0.003 -20"><span class='ocrx_word' id='word_1_59' title='bbox 192 1154 285 1218; x_wconf 89' lang='lat' dir='ltr'>bulae</span> <span class='ocrx_word' id='word_1_60' title='bbox 302 1154 420 1238; x_wconf 91' lang='lat' dir='ltr'>populo</span> <span class='ocrx_word' id='word_1_61' title='bbox 438 1153 611 1237; x_wconf 77' lang='lat' dir='ltr'>placiturae</span> <span class='ocrx_word' id='word_1_62' title='bbox 630 1157 743 1233; x_wconf 89' lang='lat' dir='ltr'>essent,</span> <span class='ocrx_word' id='word_1_63' title='bbox 761 1170 802 1214; x_wconf 94' lang='lat' dir='ltr'>ne</span> <span class='ocrx_word' id='word_1_64' title='bbox 821 1152 968 1215; x_wconf 89' lang='lat' dir='ltr'>dominus</span> <span class='ocrx_word' id='word_1_65' title='bbox 983 1151 1110 1235; x_wconf 88' lang='lat' dir='ltr'>quidem</span> <span class='ocrx_word' id='word_1_66' title='bbox 1124 1152 1229 1235; x_wconf 88' lang='lat' dir='ltr'>gregis</span> <span class='ocrx_word' id='word_1_67' title='bbox 1243 1169 1366 1234; x_wconf 85' lang='lat' dir='ltr'>semper</span> 
     </span>
     <span class='ocr_line' id='line_1_10' title="bbox 192 1239 1366 1324; baseline -0.003 -17"><span class='ocrx_word' id='word_1_68' title='bbox 192 1248 277 1307; x_wconf 88' lang='lat' dir='ltr'>certo</span> <span class='ocrx_word' id='word_1_69' title='bbox 300 1242 426 1307; x_wconf 90' lang='lat' dir='ltr'>sciebat.</span> <span class='ocrx_word' id='word_1_70' title='bbox 460 1241 543 1306; x_wconf 91' lang='lat' dir='ltr'>Nam</span> <span class='ocrx_word' id='word_1_71' title='bbox 567 1247 598 1306; x_wconf 89' lang='lat' dir='ltr'>et</span> <span class='ocrx_word' id='word_1_72' title='bbox 620 1259 786 1305; x_wconf 76' lang='lat' dir='ltr'>successus</span> <span class='ocrx_word' id='word_1_73' title='bbox 808 1239 934 1304; x_wconf 83' lang='lat' dir='ltr'>tabulae</span> <span class='ocrx_word' id='word_1_74' title='bbox 957 1246 989 1303; x_wconf 89' lang='lat' dir='ltr'>et</span> <span class='ocrx_word' id='word_1_75' title='bbox 1006 1241 1198 1304; x_wconf 82' lang='lat' dir='ltr'>calamitates</span> <span class='ocrx_word' id='word_1_76' title='bbox 1216 1258 1366 1324; x_wconf 84' lang='lat' dir='ltr'>persaepe</span> 
     </span>
     <span class='ocr_line' id='line_1_11' title="bbox 191 1328 1366 1416; baseline -0.003 -20"><span class='ocrx_word' id='word_1_77' title='bbox 191 1351 295 1416; x_wconf 90' lang='lat' dir='ltr'>neque</span> <span class='ocrx_word' id='word_1_78' title='bbox 317 1333 351 1396; x_wconf 93' lang='lat' dir='ltr'>in</span> <span class='ocrx_word' id='word_1_79' title='bbox 375 1331 500 1395; x_wconf 84' lang='lat' dir='ltr'>tabulae</span> <span class='ocrx_word' id='word_1_80' title='bbox 524 1350 628 1415; x_wconf 90' lang='lat' dir='ltr'>neque</span> <span class='ocrx_word' id='word_1_81' title='bbox 650 1331 682 1392; x_wconf 90' lang='lat' dir='ltr'>in</span> <span class='ocrx_word' id='word_1_82' title='bbox 708 1334 850 1394; x_wconf 91' lang='lat' dir='ltr'>actorum</span> <span class='ocrx_word' id='word_1_83' title='bbox 874 1328 1046 1394; x_wconf 88' lang='lat' dir='ltr'>virtutibus</span> <span class='ocrx_word' id='word_1_84' title='bbox 1069 1334 1125 1393; x_wconf 89' lang='lat' dir='ltr'>aut</span> <span class='ocrx_word' id='word_1_85' title='bbox 1143 1329 1228 1394; x_wconf 90' lang='lat' dir='ltr'>vitiis</span> <span class='ocrx_word' id='word_1_86' title='bbox 1247 1329 1366 1412; x_wconf 81' lang='lat' dir='ltr'>positae</span> 
     </span>
     <span class='ocr_line' id='line_1_12' title="bbox 174 1416 1366 1506; baseline -0.003 -20"><span class='ocrx_word' id='word_1_87' title='bbox 174 1427 275 1506; x_wconf 89' lang='lat' dir='ltr'>sunt,</span> <span class='ocrx_word' id='word_1_88' title='bbox 298 1421 354 1484; x_wconf 91' lang='lat' dir='ltr'>sed</span> <span class='ocrx_word' id='word_1_89' title='bbox 375 1421 486 1484; x_wconf 91' lang='lat' dir='ltr'>multis</span> <span class='ocrx_word' id='word_1_90' title='bbox 509 1420 542 1484; x_wconf 91' lang='lat' dir='ltr'>in</span> <span class='ocrx_word' id='word_1_91' title='bbox 565 1420 636 1483; x_wconf 89' lang='lat' dir='ltr'>aliis</span> <span class='ocrx_word' id='word_1_92' title='bbox 660 1417 764 1500; x_wconf 75' lang='lat' dir='ltr'>rebus,</span> <span class='ocrx_word' id='word_1_93' title='bbox 787 1419 819 1481; x_wconf 91' lang='lat' dir='ltr'>id</span> <span class='ocrx_word' id='word_1_94' title='bbox 841 1418 927 1502; x_wconf 93' lang='lat' dir='ltr'>quod</span> <span class='ocrx_word' id='word_1_95' title='bbox 947 1424 1081 1502; x_wconf 90' lang='lat' dir='ltr'>utraque</span> <span class='ocrx_word' id='word_1_96' title='bbox 1099 1419 1204 1504; x_wconf 88' lang='lat' dir='ltr'>priore</span> <span class='ocrx_word' id='word_1_97' title='bbox 1221 1416 1366 1500; x_wconf 75' lang='lat' dir='ltr'>Hecyrae</span> 
     </span>
     <span class='ocr_line' id='line_1_13' title="bbox 191 1505 1367 1589; baseline -0.002 -16"><span class='ocrx_word' id='word_1_98' title='bbox 191 1512 313 1574; x_wconf 88' lang='lat' dir='ltr'>actione</span> <span class='ocrx_word' id='word_1_99' title='bbox 332 1511 409 1574; x_wconf 88' lang='lat' dir='ltr'>satis</span> <span class='ocrx_word' id='word_1_100' title='bbox 427 1509 668 1573; x_wconf 88' lang='lat' dir='ltr'>demonstratur.</span> <span class='ocrx_word' id='word_1_101' title='bbox 709 1505 798 1583; x_wconf 82' lang='lat' dir='ltr'>Quae</span> <span class='ocrx_word' id='word_1_102' title='bbox 816 1527 887 1570; x_wconf 90' lang='lat' dir='ltr'>cum</span> <span class='ocrx_word' id='word_1_103' title='bbox 908 1509 953 1572; x_wconf 87' lang='lat' dir='ltr'>ita</span> <span class='ocrx_word' id='word_1_104' title='bbox 970 1508 1043 1589; x_wconf 89' lang='lat' dir='ltr'>sint,</span> <span class='ocrx_word' id='word_1_105' title='bbox 1066 1510 1093 1572; x_wconf 91' lang='lat' dir='ltr'>si</span> <span class='ocrx_word' id='word_1_106' title='bbox 1110 1506 1218 1572; x_wconf 88' lang='lat' dir='ltr'>fabula</span> <span class='ocrx_word' id='word_1_107' title='bbox 1236 1508 1367 1571; x_wconf 82' lang='lat' dir='ltr'>exclusa</span> 
     </span>
     <span class='ocr_line' id='line_1_14' title="bbox 178 1595 1367 1682; baseline -0.002 -20"><span class='ocrx_word' id='word_1_108' title='bbox 178 1604 268 1680; x_wconf 69' lang='lat' dir='ltr'>,erat</span> <span class='ocrx_word' id='word_1_109' title='bbox 290 1596 394 1663; x_wconf 92' lang='lat' dir='ltr'>solum</span> <span class='ocrx_word' id='word_1_110' title='bbox 418 1598 580 1662; x_wconf 88' lang='lat' dir='ltr'>dominum</span> <span class='ocrx_word' id='word_1_111' title='bbox 604 1595 711 1682; x_wconf 88' lang='lat' dir='ltr'>gregis</span> <span class='ocrx_word' id='word_1_112' title='bbox 734 1597 885 1660; x_wconf 91' lang='lat' dir='ltr'>damnum</span> <span class='ocrx_word' id='word_1_113' title='bbox 911 1598 1067 1680; x_wconf 88' lang='lat' dir='ltr'>accepisse</span> <span class='ocrx_word' id='word_1_114' title='bbox 1089 1597 1247 1681; x_wconf 90' lang='lat' dir='ltr'>quomodo</span> <span class='ocrx_word' id='word_1_115' title='bbox 1265 1601 1367 1680; x_wconf 88' lang='lat' dir='ltr'>potest</span> 
     </span>
     <span class='ocr_line' id='line_1_15' title="bbox 193 1684 1366 1770; baseline -0.001 -21"><span class='ocrx_word' id='word_1_116' title='bbox 193 1687 345 1770; x_wconf 84' lang='lat' dir='ltr'>cogitari?</span> <span class='ocrx_word' id='word_1_117' title='bbox 380 1687 573 1751; x_wconf 81' lang='lat' dir='ltr'>Addendum</span> <span class='ocrx_word' id='word_1_118' title='bbox 592 1692 647 1768; x_wconf 88' lang='lat' dir='ltr'>est,</span> <span class='ocrx_word' id='word_1_119' title='bbox 666 1686 752 1769; x_wconf 91' lang='lat' dir='ltr'>quod</span> <span class='ocrx_word' id='word_1_120' title='bbox 771 1686 919 1749; x_wconf 92' lang='lat' dir='ltr'>dominus</span> <span class='ocrx_word' id='word_1_121' title='bbox 934 1687 1040 1770; x_wconf 89' lang='lat' dir='ltr'>gregis</span> <span class='ocrx_word' id='word_1_122' title='bbox 1055 1687 1123 1751; x_wconf 86' lang='lat' dir='ltr'>sive</span> <span class='ocrx_word' id='word_1_123' title='bbox 1137 1685 1245 1749; x_wconf 85' lang='lat' dir='ltr'>fabula</span> <span class='ocrx_word' id='word_1_124' title='bbox 1259 1684 1366 1770; x_wconf 89' lang='lat' dir='ltr'>placu-</span> 
     </span>
     <span class='ocr_line' id='line_1_16' title="bbox 194 1774 1368 1859; baseline -0.002 -20"><span class='ocrx_word' id='word_1_125' title='bbox 194 1781 260 1839; x_wconf 90' lang='lat' dir='ltr'>erat</span> <span class='ocrx_word' id='word_1_126' title='bbox 282 1778 350 1839; x_wconf 88' lang='lat' dir='ltr'>aive</span> <span class='ocrx_word' id='word_1_127' title='bbox 372 1795 447 1857; x_wconf 89' lang='lat' dir='ltr'>non,</span> <span class='ocrx_word' id='word_1_128' title='bbox 470 1776 609 1859; x_wconf 89' lang='lat' dir='ltr'>aliquam</span> <span class='ocrx_word' id='word_1_129' title='bbox 632 1777 784 1859; x_wconf 88' lang='lat' dir='ltr'>pecuniae</span> <span class='ocrx_word' id='word_1_130' title='bbox 804 1794 962 1840; x_wconf 88' lang='lat' dir='ltr'>summam</span> <span class='ocrx_word' id='word_1_131' title='bbox 981 1774 1020 1839; x_wconf 90' lang='lat' dir='ltr'>ab</span> <span class='ocrx_word' id='word_1_132' title='bbox 1039 1775 1194 1840; x_wconf 88' lang='lat' dir='ltr'>aedilibus</span> <span class='ocrx_word' id='word_1_133' title='bbox 1212 1775 1368 1859; x_wconf 89' lang='lat' dir='ltr'>acceperit</span> 
     </span>
     <span class='ocr_line' id='line_1_17' title="bbox 193 1864 1366 1949; baseline -0.003 -20"><span class='ocrx_word' id='word_1_134' title='bbox 193 1883 322 1929; x_wconf 89' lang='lat' dir='ltr'>necesse</span> <span class='ocrx_word' id='word_1_135' title='bbox 340 1870 387 1929; x_wconf 92' lang='lat' dir='ltr'>est</span> <span class='ocrx_word' id='word_1_136' title='bbox 404 1871 576 1949; x_wconf 87' lang='lat' dir='ltr'>propterea,</span> <span class='ocrx_word' id='word_1_137' title='bbox 595 1865 680 1948; x_wconf 90' lang='lat' dir='ltr'>qnod</span> <span class='ocrx_word' id='word_1_138' title='bbox 694 1883 785 1928; x_wconf 90' lang='lat' dir='ltr'>suam</span> <span class='ocrx_word' id='word_1_139' title='bbox 799 1866 968 1948; x_wconf 82' lang='lat' dir='ltr'>gregisque</span> <span class='ocrx_word' id='word_1_140' title='bbox 982 1883 1109 1949; x_wconf 86' lang='lat' dir='ltr'>operam</span> <span class='ocrx_word' id='word_1_141' title='bbox 1124 1864 1187 1928; x_wconf 92' lang='lat' dir='ltr'>illis</span> <span class='ocrx_word' id='word_1_142' title='bbox 1201 1865 1366 1928; x_wconf 84' lang='lat' dir='ltr'>locaverat.</span> 
     </span>
     <span class='ocr_line' id='line_1_18' title="bbox 194 1952 1367 2038; baseline -0.001 -21"><span class='ocrx_word' id='word_1_143' title='bbox 194 1952 298 2029; x_wconf 91' lang='lat' dir='ltr'>Quam</span> <span class='ocrx_word' id='word_1_144' title='bbox 329 1973 397 2018; x_wconf 90' lang='lat' dir='ltr'>rem</span> <span class='ocrx_word' id='word_1_145' title='bbox 430 1960 461 2018; x_wconf 89' lang='lat' dir='ltr'>et</span> <span class='ocrx_word' id='word_1_146' title='bbox 492 1955 560 2038; x_wconf 89' lang='lat' dir='ltr'>ipse</span> <span class='ocrx_word' id='word_1_147' title='bbox 592 1955 737 2038; x_wconf 89' lang='lat' dir='ltr'>quaestui</span> <span class='ocrx_word' id='word_1_148' title='bbox 769 1953 904 2024; x_wconf 86' lang='lat' dir='ltr'>babebat</span> <span class='ocrx_word' id='word_1_149' title='bbox 932 1959 963 2018; x_wconf 88' lang='lat' dir='ltr'>ot</span> <span class='ocrx_word' id='word_1_150' title='bbox 989 1955 1078 2038; x_wconf 83' lang='lat' dir='ltr'>gregi</span> <span class='ocrx_word' id='word_1_151' title='bbox 1105 1973 1163 2019; x_wconf 92' lang='lat' dir='ltr'>suo</span> <span class='ocrx_word' id='word_1_152' title='bbox 1190 1953 1367 2018; x_wconf 85' lang='lat' dir='ltr'>mercedem</span> 
     </span>
     <span class='ocr_line' id='line_1_19' title="bbox 192 2042 1367 2127; baseline -0.002 -21"><span class='ocrx_word' id='word_1_153' title='bbox 192 2043 268 2107; x_wconf 89' lang='lat' dir='ltr'>dare</span> <span class='ocrx_word' id='word_1_154' title='bbox 296 2042 478 2124; x_wconf 77' lang='lat' dir='ltr'>debebat¹⁶l</span> <span class='ocrx_word' id='word_1_155' title='bbox 513 2043 550 2107; x_wconf 92' lang='lat' dir='ltr'>Id</span> <span class='ocrx_word' id='word_1_156' title='bbox 574 2062 676 2106; x_wconf 91' lang='lat' dir='ltr'>unum</span> <span class='ocrx_word' id='word_1_157' title='bbox 698 2043 878 2107; x_wconf 89' lang='lat' dir='ltr'>addubitari</span> <span class='ocrx_word' id='word_1_158' title='bbox 900 2047 1018 2127; x_wconf 92' lang='lat' dir='ltr'>potest,</span> <span class='ocrx_word' id='word_1_159' title='bbox 1045 2044 1229 2108; x_wconf 89' lang='lat' dir='ltr'>dederintne</span> <span class='ocrx_word' id='word_1_160' title='bbox 1251 2042 1367 2105; x_wconf 85' lang='lat' dir='ltr'>aediles</span> 
     </span>
     <span class='ocr_line' id='line_1_20' title="bbox 193 2129 1367 2216; baseline -0.003 -20"><span class='ocrx_word' id='word_1_161' title='bbox 193 2133 321 2196; x_wconf 89' lang='lat' dir='ltr'>domino</span> <span class='ocrx_word' id='word_1_162' title='bbox 344 2134 450 2216; x_wconf 86' lang='lat' dir='ltr'>gregis</span> <span class='ocrx_word' id='word_1_163' title='bbox 472 2132 558 2196; x_wconf 88' lang='lat' dir='ltr'>illam</span> <span class='ocrx_word' id='word_1_164' title='bbox 579 2151 737 2196; x_wconf 91' lang='lat' dir='ltr'>summam</span> <span class='ocrx_word' id='word_1_165' title='bbox 756 2138 829 2196; x_wconf 88' lang='lat' dir='ltr'>ante</span> <span class='ocrx_word' id='word_1_166' title='bbox 847 2151 917 2196; x_wconf 91' lang='lat' dir='ltr'>eam</span> <span class='ocrx_word' id='word_1_167' title='bbox 936 2134 1092 2197; x_wconf 89' lang='lat' dir='ltr'>actionem</span> <span class='ocrx_word' id='word_1_168' title='bbox 1110 2151 1150 2196; x_wconf 92' lang='lat' dir='ltr'>an</span> <span class='ocrx_word' id='word_1_169' title='bbox 1169 2135 1248 2216; x_wconf 88' lang='lat' dir='ltr'>post.</span> <span class='ocrx_word' id='word_1_170' title='bbox 1283 2129 1367 2206; x_wconf 88' lang='lat' dir='ltr'>Quid</span> 
     </span>
     <span class='ocr_line' id='line_1_21' title="bbox 191 2219 809 2304; baseline 0.002 -21"><span class='ocrx_word' id='word_1_171' title='bbox 191 2223 289 2304; x_wconf 86' lang='lat' dir='ltr'>igitur</span> <span class='ocrx_word' id='word_1_172' title='bbox 312 2221 373 2285; x_wconf 90' lang='lat' dir='ltr'>sibi</span> <span class='ocrx_word' id='word_1_173' title='bbox 395 2221 466 2285; x_wconf 90' lang='lat' dir='ltr'>vult</span> <span class='ocrx_word' id='word_1_174' title='bbox 488 2219 606 2286; x_wconf 87' lang='lat' dir='ltr'>Donati</span> <span class='ocrx_word' id='word_1_175' title='bbox 628 2222 809 2284; x_wconf 81' lang='lat' dir='ltr'>adnotatio?</span> 
     </span>
    </p>

    <p class='ocr_par' dir='ltr' id='par_1_4' title="bbox 193 2307 1367 2571">
     <span class='ocr_line' id='line_1_22' title="bbox 281 2307 1367 2392; baseline -0.001 -20"><span class='ocrx_word' id='word_1_176' title='bbox 281 2307 324 2372; x_wconf 89' lang='lat'>11.</span> <span class='ocrx_word' id='word_1_177' title='bbox 349 2308 472 2373; x_wconf 87' lang='lat' dir='ltr'>Deinde</span> <span class='ocrx_word' id='word_1_178' title='bbox 494 2307 611 2373; x_wconf 89' lang='lat' dir='ltr'>Donati</span> <span class='ocrx_word' id='word_1_179' title='bbox 634 2310 811 2392; x_wconf 85' lang='lat' dir='ltr'>explicatio,</span> <span class='ocrx_word' id='word_1_180' title='bbox 835 2314 870 2372; x_wconf 92' lang='lat' dir='ltr'>ut</span> <span class='ocrx_word' id='word_1_181' title='bbox 893 2328 949 2392; x_wconf 88' lang='lat' dir='ltr'>per</span> <span class='ocrx_word' id='word_1_182' title='bbox 971 2329 1005 2374; x_wconf 91' lang='lat' dir='ltr'>se</span> <span class='ocrx_word' id='word_1_183' title='bbox 1024 2310 1063 2374; x_wconf 90' lang='lat' dir='ltr'>ab</span> <span class='ocrx_word' id='word_1_184' title='bbox 1083 2311 1169 2373; x_wconf 91' lang='lat' dir='ltr'>omui</span> <span class='ocrx_word' id='word_1_185' title='bbox 1188 2308 1367 2373; x_wconf 82' lang='lat' dir='ltr'>verisimili-</span> 
     </span>
     <span class='ocr_line' id='line_1_23' title="bbox 193 2396 1366 2483; baseline -0.002 -21"><span class='ocrx_word' id='word_1_186' title='bbox 193 2399 304 2462; x_wconf 90' lang='lat' dir='ltr'>tudine</span> <span class='ocrx_word' id='word_1_187' title='bbox 335 2399 438 2461; x_wconf 87' lang='lat' dir='ltr'>aliena</span> <span class='ocrx_word' id='word_1_188' title='bbox 470 2403 531 2479; x_wconf 89' lang='lat' dir='ltr'>est,</span> <span class='ocrx_word' id='word_1_189' title='bbox 562 2398 607 2460; x_wconf 87' lang='lat' dir='ltr'>ita</span> <span class='ocrx_word' id='word_1_190' title='bbox 633 2398 712 2482; x_wconf 89' lang='lat' dir='ltr'>ipsis</span> <span class='ocrx_word' id='word_1_191' title='bbox 740 2396 817 2463; x_wconf 89' lang='lat' dir='ltr'>Hec.</span> <span class='ocrx_word' id='word_1_192' title='bbox 845 2398 922 2481; x_wconf 91' lang='lat' dir='ltr'>prol.</span> <span class='ocrx_word' id='word_1_193' title='bbox 953 2398 1057 2462; x_wconf 89' lang='lat' dir='ltr'>verbis</span> <span class='ocrx_word' id='word_1_194' title='bbox 1084 2417 1261 2483; x_wconf 89' lang='lat' dir='ltr'>repugnare</span> <span class='ocrx_word' id='word_1_195' title='bbox 1289 2398 1366 2461; x_wconf 91' lang='lat' dir='ltr'>mibi</span> 
     </span>
     <span class='ocr_line' id='line_1_24' title="bbox 194 2484 1273 2571; baseline 0.001 -21"><span class='ocrx_word' id='word_1_196' title='bbox 194 2487 328 2552; x_wconf 89' lang='lat' dir='ltr'>videtur.</span> <span class='ocrx_word' id='word_1_197' title='bbox 373 2484 459 2550; x_wconf 90' lang='lat' dir='ltr'>Dicit</span> <span class='ocrx_word' id='word_1_198' title='bbox 481 2488 566 2551; x_wconf 90' lang='lat' dir='ltr'>enim</span> <span class='ocrx_word' id='word_1_199' title='bbox 591 2485 761 2550; x_wconf 85' lang='lat' dir='ltr'>Ambivius</span> <span class='ocrx_word' id='word_1_200' title='bbox 783 2488 874 2550; x_wconf 90' lang='lat' dir='ltr'>haec:</span> <span class='ocrx_word' id='word_1_201' title='bbox 909 2488 1070 2571; x_wconf 87' lang='lat' dir='ltr'>„mihique</span> <span class='ocrx_word' id='word_1_202' title='bbox 1092 2493 1130 2550; x_wconf 90' lang='lat' dir='ltr'>ut</span> <span class='ocrx_word' id='word_1_203' title='bbox 1153 2488 1273 2551; x_wconf 89' lang='lat' dir='ltr'>discere</span> 
     </span>
    </p>

    <p class='ocr_par' dir='ltr' id='par_1_5' title="bbox 353 2575 1170 2661">
     <span class='ocr_line' id='line_1_25' title="bbox 353 2575 1170 2661; baseline 0 -21"><span class='ocrx_word' id='word_1_204' title='bbox 353 2575 461 2640; x_wconf 88' lang='lat' dir='ltr'>Novas</span> <span class='ocrx_word' id='word_1_205' title='bbox 484 2576 632 2660; x_wconf 87' lang='lat' dir='ltr'>expediat</span> <span class='ocrx_word' id='word_1_206' title='bbox 653 2576 783 2660; x_wconf 89' lang='lat' dir='ltr'>posthac</span> <span class='ocrx_word' id='word_1_207' title='bbox 805 2577 905 2660; x_wconf 91' lang='lat' dir='ltr'>pretio</span> <span class='ocrx_word' id='word_1_208' title='bbox 929 2583 1050 2661; x_wconf 89' lang='lat' dir='ltr'>emptas</span> <span class='ocrx_word' id='word_1_209' title='bbox 1073 2577 1170 2641; x_wconf 83' lang='lat' dir='ltr'>meo“.</span> 
     </span>
    </p>
   </div>
   <div class='ocr_carea' id='block_1_3' title="bbox 283 2648 1499 2750">
    <p class='ocr_par' dir='ltr' id='par_1_6' title="bbox 283 2648 1499 2750">
     <span class='ocr_line' id='line_1_26' title="bbox 283 2648 1499 2750; baseline -0.012 -18"><span class='ocrx_word' id='word_1_210' title='bbox 283 2663 365 2740; x_wconf 83' lang='lat' dir='ltr'>Quid</span> <span class='ocrx_word' id='word_1_211' title='bbox 399 2666 485 2729; x_wconf 90' lang='lat' dir='ltr'>enim</span> <span class='ocrx_word' id='word_1_212' title='bbox 511 2665 598 2730; x_wconf 91' lang='lat' dir='ltr'>aliud</span> <span class='ocrx_word' id='word_1_213' title='bbox 625 2664 725 2730; x_wconf 88' lang='lat' dir='ltr'>verba</span> <span class='ocrx_word' id='word_1_214' title='bbox 752 2664 931 2748; x_wconf 87' lang='lat' dir='ltr'>significare</span> <span class='ocrx_word' id='word_1_215' title='bbox 958 2671 1092 2750; x_wconf 90' lang='lat' dir='ltr'>possunt</span> <span class='ocrx_word' id='word_1_216' title='bbox 1118 2666 1179 2729; x_wconf 88' lang='lat' dir='ltr'>nisi</span> <span class='ocrx_word' id='word_1_217' title='bbox 1210 2669 1264 2747; x_wconf 93' lang='lat' dir='ltr'>„ut</span> <span class='ocrx_word' id='word_1_218' title='bbox 1290 2665 1367 2728; x_wconf 90' lang='lat' dir='ltr'>mibi</span> <span class='ocrx_word' id='word_1_219' title='bbox 1454 2651 1456 2656; x_wconf 73' lang='grc'><strong>’</strong></span> <span class='ocrx_word' id='word_1_220' title='bbox 1496 2648 1499 2655; x_wconf 76' lang='grc'><strong>’</strong></span> 
     </span>
    </p>
   </div>
   <div class='ocr_carea' id='block_1_4' title="bbox 195 2753 1368 2840">
    <p class='ocr_par' dir='ltr' id='par_1_7' title="bbox 195 2753 1368 2840">
     <span class='ocr_line' id='line_1_27' title="bbox 195 2753 1368 2840; baseline 0 -23"><span class='ocrx_word' id='word_1_221' title='bbox 195 2755 341 2838; x_wconf 83' lang='lat' dir='ltr'>expediat</span> <span class='ocrx_word' id='word_1_222' title='bbox 363 2753 486 2820; x_wconf 85' lang='lat' dir='ltr'>fabulas</span> <span class='ocrx_word' id='word_1_223' title='bbox 509 2773 622 2837; x_wconf 86' lang='lat' dir='ltr'>novas,</span> <span class='ocrx_word' id='word_1_224' title='bbox 654 2772 733 2837; x_wconf 93' lang='lat' dir='ltr'>quas</span> <span class='ocrx_word' id='word_1_225' title='bbox 756 2754 824 2839; x_wconf 89' lang='lat' dir='ltr'>ipse</span> <span class='ocrx_word' id='word_1_226' title='bbox 846 2774 918 2820; x_wconf 92' lang='lat' dir='ltr'>meo</span> <span class='ocrx_word' id='word_1_227' title='bbox 940 2755 1041 2840; x_wconf 87' lang='lat' dir='ltr'>pretio</span> <span class='ocrx_word' id='word_1_228' title='bbox 1065 2757 1142 2837; x_wconf 91' lang='lat' dir='ltr'>emi,</span> <span class='ocrx_word' id='word_1_229' title='bbox 1169 2755 1299 2840; x_wconf 89' lang='lat' dir='ltr'>posthac</span> <span class='ocrx_word' id='word_1_230' title='bbox 1322 2754 1368 2817; x_wconf 92' lang='lat' dir='ltr'>di-</span> 
     </span>
    </p>
   </div>
   <div class='ocr_carea' id='block_1_5' title="bbox 194 2842 1464 2928">
    <p class='ocr_par' dir='ltr' id='par_1_8' title="bbox 194 2842 1464 2928">
     <span class='ocr_line' id='line_1_28' title="bbox 194 2842 1464 2928; baseline 0 -22"><span class='ocrx_word' id='word_1_231' title='bbox 194 2845 307 2924; x_wconf 88' lang='lat' dir='ltr'>scere“,</span> <span class='ocrx_word' id='word_1_232' title='bbox 340 2843 372 2906; x_wconf 93' lang='lat' dir='ltr'>id</span> <span class='ocrx_word' id='word_1_233' title='bbox 396 2845 480 2927; x_wconf 91' lang='lat' dir='ltr'>quod</span> <span class='ocrx_word' id='word_1_234' title='bbox 505 2843 683 2927; x_wconf 86' lang='lat' dir='ltr'>postulatur</span> <span class='ocrx_word' id='word_1_235' title='bbox 706 2849 865 2908; x_wconf 86' lang='lat' dir='ltr'>structura</span> <span class='ocrx_word' id='word_1_236' title='bbox 891 2846 1104 2928; x_wconf 87' lang='lat' dir='ltr'>grammatica.</span> <span class='ocrx_word' id='word_1_237' title='bbox 1156 2842 1367 2920; x_wconf 82' lang='lat' dir='ltr'>Quamobrem</span> <span class='ocrx_word' id='word_1_238' title='bbox 1462 2919 1464 2924; x_wconf 20' lang='grc' dir='ltr'>Ι</span> 
     </span>
    </p>
   </div>
   <div class='ocr_carea' id='block_1_6' title="bbox 194 2931 1414 3820">
    <p class='ocr_par' dir='ltr' id='par_1_9' title="bbox 194 2931 1369 3372">
     <span class='ocr_line' id='line_1_29' title="bbox 194 2931 1369 3017; baseline -0.001 -22"><span class='ocrx_word' id='word_1_239' title='bbox 194 2931 377 3014; x_wconf 85' lang='lat' dir='ltr'>Ambivius,</span> <span class='ocrx_word' id='word_1_240' title='bbox 408 2933 483 2995; x_wconf 89' lang='lat' dir='ltr'>licet</span> <span class='ocrx_word' id='word_1_241' title='bbox 510 2932 654 2996; x_wconf 88' lang='lat' dir='ltr'>Donatus</span> <span class='ocrx_word' id='word_1_242' title='bbox 687 2933 726 2997; x_wconf 89' lang='lat' dir='ltr'>de</span> <span class='ocrx_word' id='word_1_243' title='bbox 758 2935 858 3017; x_wconf 92' lang='lat' dir='ltr'>pretio</span> <span class='ocrx_word' id='word_1_244' title='bbox 886 2934 1041 2998; x_wconf 89' lang='lat' dir='ltr'>aedilibus</span> <span class='ocrx_word' id='word_1_245' title='bbox 1068 2934 1228 2998; x_wconf 85' lang='lat' dir='ltr'>reddendo</span> <span class='ocrx_word' id='word_1_246' title='bbox 1256 2953 1369 2996; x_wconf 85' lang='lat' dir='ltr'>venun</span> 
     </span>
     <span class='ocr_line' id='line_1_30' title="bbox 195 3020 1369 3105; baseline 0 -21"><span class='ocrx_word' id='word_1_247' title='bbox 195 3021 371 3102; x_wconf 84' lang='lat' dir='ltr'>tradiderit,</span> <span class='ocrx_word' id='word_1_248' title='bbox 401 3021 440 3085; x_wconf 93' lang='lat' dir='ltr'>de</span> <span class='ocrx_word' id='word_1_249' title='bbox 468 3022 513 3084; x_wconf 91' lang='lat' dir='ltr'>eis</span> <span class='ocrx_word' id='word_1_250' title='bbox 541 3022 616 3084; x_wconf 91' lang='lat' dir='ltr'>solis</span> <span class='ocrx_word' id='word_1_251' title='bbox 642 3020 772 3102; x_wconf 91' lang='lat' dir='ltr'>fabulis,</span> <span class='ocrx_word' id='word_1_252' title='bbox 800 3041 882 3105; x_wconf 93' lang='lat' dir='ltr'>quae</span> <span class='ocrx_word' id='word_1_253' title='bbox 904 3022 1042 3086; x_wconf 86' lang='lat' dir='ltr'>abiectae</span> <span class='ocrx_word' id='word_1_254' title='bbox 1065 3028 1169 3103; x_wconf 89' lang='lat' dir='ltr'>erant,</span> <span class='ocrx_word' id='word_1_255' title='bbox 1195 3022 1250 3085; x_wconf 92' lang='lat' dir='ltr'>illa</span> <span class='ocrx_word' id='word_1_256' title='bbox 1273 3021 1369 3084; x_wconf 86' lang='lat' dir='ltr'>verba</span> 
     </span>
     <span class='ocr_line' id='line_1_31' title="bbox 194 3109 1368 3194; baseline 0.001 -22"><span class='ocrx_word' id='word_1_257' title='bbox 194 3129 347 3194; x_wconf 89' lang='lat' dir='ltr'>usurpare</span> <span class='ocrx_word' id='word_1_258' title='bbox 374 3110 491 3194; x_wconf 89' lang='lat' dir='ltr'>potuit,</span> <span class='ocrx_word' id='word_1_259' title='bbox 520 3128 583 3173; x_wconf 92' lang='lat' dir='ltr'>non</span> <span class='ocrx_word' id='word_1_260' title='bbox 612 3109 651 3174; x_wconf 94' lang='lat' dir='ltr'>de</span> <span class='ocrx_word' id='word_1_261' title='bbox 678 3111 837 3174; x_wconf 89' lang='lat' dir='ltr'>universis</span> <span class='ocrx_word' id='word_1_262' title='bbox 859 3110 984 3175; x_wconf 88' lang='lat' dir='ltr'>fabulis.</span> <span class='ocrx_word' id='word_1_263' title='bbox 1030 3110 1091 3175; x_wconf 87' lang='lat' dir='ltr'>Sed</span> <span class='ocrx_word' id='word_1_264' title='bbox 1116 3130 1155 3174; x_wconf 92' lang='lat' dir='ltr'>ne</span> <span class='ocrx_word' id='word_1_265' title='bbox 1179 3111 1217 3173; x_wconf 90' lang='lat' dir='ltr'>de</span> <span class='ocrx_word' id='word_1_266' title='bbox 1240 3109 1368 3174; x_wconf 87' lang='lat' dir='ltr'>abiectis</span> 
     </span>
     <span class='ocr_line' id='line_1_32' title="bbox 195 3198 1369 3283; baseline -0.001 -22"><span class='ocrx_word' id='word_1_267' title='bbox 195 3199 323 3282; x_wconf 91' lang='lat' dir='ltr'>quidem</span> <span class='ocrx_word' id='word_1_268' title='bbox 346 3198 462 3264; x_wconf 84' lang='lat' dir='ltr'>fabulis</span> <span class='ocrx_word' id='word_1_269' title='bbox 485 3198 582 3263; x_wconf 86' lang='lat' dir='ltr'>verba</span> <span class='ocrx_word' id='word_1_270' title='bbox 604 3199 743 3282; x_wconf 83' lang='lat' dir='ltr'>intellegi</span> <span class='ocrx_word' id='word_1_271' title='bbox 767 3205 909 3283; x_wconf 85' lang='lat' dir='ltr'>possunt,</span> <span class='ocrx_word' id='word_1_272' title='bbox 932 3219 1008 3263; x_wconf 93' lang='lat' dir='ltr'>cum</span> <span class='ocrx_word' id='word_1_273' title='bbox 1026 3199 1197 3264; x_wconf 84' lang='lat' dir='ltr'>Ambivius</span> <span class='ocrx_word' id='word_1_274' title='bbox 1215 3203 1310 3283; x_wconf 88' lang='lat' dir='ltr'>petat,</span> <span class='ocrx_word' id='word_1_275' title='bbox 1332 3205 1369 3261; x_wconf 90' lang='lat' dir='ltr'>ut</span> 
     </span>
     <span class='ocr_line' id='line_1_33' title="bbox 194 3287 1047 3372; baseline 0.002 -22"><span class='ocrx_word' id='word_1_276' title='bbox 194 3287 255 3351; x_wconf 90' lang='lat' dir='ltr'>sibi</span> <span class='ocrx_word' id='word_1_277' title='bbox 278 3288 425 3372; x_wconf 85' lang='lat' dir='ltr'>expediat</span> <span class='ocrx_word' id='word_1_278' title='bbox 447 3307 547 3352; x_wconf 88' lang='lat' dir='ltr'>novas</span> <span class='ocrx_word' id='word_1_279' title='bbox 570 3289 690 3352; x_wconf 88' lang='lat' dir='ltr'>discere</span> <span class='ocrx_word' id='word_1_280' title='bbox 711 3289 812 3372; x_wconf 91' lang='lat' dir='ltr'>pretio</span> <span class='ocrx_word' id='word_1_281' title='bbox 836 3294 957 3372; x_wconf 88' lang='lat' dir='ltr'>emptas</span> <span class='ocrx_word' id='word_1_282' title='bbox 980 3307 1047 3353; x_wconf 89' lang='lat' dir='ltr'>suo.</span> 
     </span>
    </p>

    <p class='ocr_par' dir='ltr' id='par_1_10' title="bbox 194 3375 1414 3820">
     <span class='ocr_line' id='line_1_34' title="bbox 282 3375 1369 3463; baseline -0.001 -23"><span class='ocrx_word' id='word_1_283' title='bbox 282 3376 341 3441; x_wconf 93' lang='lat' dir='ltr'>III.</span> <span class='ocrx_word' id='word_1_284' title='bbox 361 3375 466 3453; x_wconf 89' lang='lat' dir='ltr'>Quare</span> <span class='ocrx_word' id='word_1_285' title='bbox 485 3379 637 3462; x_wconf 90' lang='lat' dir='ltr'>quoniam</span> <span class='ocrx_word' id='word_1_286' title='bbox 653 3375 769 3442; x_wconf 91' lang='lat' dir='ltr'>Donati</span> <span class='ocrx_word' id='word_1_287' title='bbox 788 3378 1031 3463; x_wconf 85' lang='lat' dir='ltr'>explicationem</span> <span class='ocrx_word' id='word_1_288' title='bbox 1050 3383 1081 3442; x_wconf 91' lang='lat' dir='ltr'>et</span> <span class='ocrx_word' id='word_1_289' title='bbox 1099 3397 1156 3462; x_wconf 91' lang='lat' dir='ltr'>per</span> <span class='ocrx_word' id='word_1_290' title='bbox 1173 3396 1207 3441; x_wconf 89' lang='lat' dir='ltr'>se</span> <span class='ocrx_word' id='word_1_291' title='bbox 1225 3376 1266 3440; x_wconf 92' lang='lat' dir='ltr'>ab</span> <span class='ocrx_word' id='word_1_292' title='bbox 1282 3378 1369 3440; x_wconf 92' lang='lat' dir='ltr'>omni</span> 
     </span>
     <span class='ocr_line' id='line_1_35' title="bbox 195 3467 1370 3552; baseline 0.003 -25"><span class='ocrx_word' id='word_1_293' title='bbox 195 3467 469 3532; x_wconf 85' lang='lat' dir='ltr'>verisimilitudine</span> <span class='ocrx_word' id='word_1_294' title='bbox 487 3486 556 3532; x_wconf 89' lang='lat' dir='ltr'>esse</span> <span class='ocrx_word' id='word_1_295' title='bbox 574 3468 710 3532; x_wconf 91' lang='lat' dir='ltr'>alienam</span> <span class='ocrx_word' id='word_1_296' title='bbox 729 3473 760 3530; x_wconf 88' lang='lat' dir='ltr'>et</span> <span class='ocrx_word' id='word_1_297' title='bbox 778 3468 855 3552; x_wconf 91' lang='lat' dir='ltr'>ipsis</span> <span class='ocrx_word' id='word_1_298' title='bbox 873 3467 950 3533; x_wconf 90' lang='lat' dir='ltr'>Hec.</span> <span class='ocrx_word' id='word_1_299' title='bbox 966 3468 1044 3551; x_wconf 91' lang='lat' dir='ltr'>prol.</span> <span class='ocrx_word' id='word_1_300' title='bbox 1060 3467 1165 3532; x_wconf 85' lang='lat' dir='ltr'>verbis</span> <span class='ocrx_word' id='word_1_301' title='bbox 1183 3485 1370 3550; x_wconf 88' lang='lat' dir='ltr'>repugnare,</span> 
     </span>
     <span class='ocr_line' id='line_1_36' title="bbox 194 3556 1370 3641; baseline 0.002 -23"><span class='ocrx_word' id='word_1_302' title='bbox 194 3557 306 3637; x_wconf 88' lang='lat' dir='ltr'>immo,</span> <span class='ocrx_word' id='word_1_303' title='bbox 334 3556 361 3619; x_wconf 91' lang='lat' dir='ltr'>si</span> <span class='ocrx_word' id='word_1_304' title='bbox 389 3557 475 3620; x_wconf 89' lang='lat' dir='ltr'>hunc</span> <span class='ocrx_word' id='word_1_305' title='bbox 502 3557 666 3640; x_wconf 87' lang='lat' dir='ltr'>prologum</span> <span class='ocrx_word' id='word_1_306' title='bbox 695 3561 778 3620; x_wconf 88' lang='lat' dir='ltr'>recte</span> <span class='ocrx_word' id='word_1_307' title='bbox 801 3558 1007 3641; x_wconf 90' lang='lat' dir='ltr'>percipimus,</span> <span class='ocrx_word' id='word_1_308' title='bbox 1034 3559 1121 3622; x_wconf 89' lang='lat' dir='ltr'>omni</span> <span class='ocrx_word' id='word_1_309' title='bbox 1144 3575 1241 3620; x_wconf 91' lang='lat' dir='ltr'>sensu</span> <span class='ocrx_word' id='word_1_310' title='bbox 1263 3573 1370 3620; x_wconf 87' lang='lat' dir='ltr'>carere</span> 
     </span>
     <span class='ocr_line' id='line_1_37' title="bbox 195 3643 1369 3730; baseline 0.001 -23"><span class='ocrx_word' id='word_1_311' title='bbox 195 3645 345 3727; x_wconf 92' lang='lat' dir='ltr'>vidimus,</span> <span class='ocrx_word' id='word_1_312' title='bbox 363 3643 508 3709; x_wconf 88' lang='lat' dir='ltr'>Donatus</span> <span class='ocrx_word' id='word_1_313' title='bbox 526 3648 559 3708; x_wconf 89' lang='lat' dir='ltr'>in</span> <span class='ocrx_word' id='word_1_314' title='bbox 579 3648 637 3710; x_wconf 89' lang='lat' dir='ltr'>bac</span> <span class='ocrx_word' id='word_1_315' title='bbox 656 3648 841 3729; x_wconf 85' lang='lat' dir='ltr'>quaestione</span> <span class='ocrx_word' id='word_1_316' title='bbox 861 3647 1062 3710; x_wconf 89' lang='lat' dir='ltr'>diiudicanda</span> <span class='ocrx_word' id='word_1_317' title='bbox 1077 3664 1207 3730; x_wconf 91' lang='lat' dir='ltr'>prorsus</span> <span class='ocrx_word' id='word_1_318' title='bbox 1223 3646 1369 3708; x_wconf 89' lang='lat' dir='ltr'>omitten-</span> 
     </span>
     <span class='ocr_line' id='line_1_38' title="bbox 195 3735 1414 3820; baseline 0 -23"><span class='ocrx_word' id='word_1_319' title='bbox 195 3735 257 3798; x_wconf 90' lang='lat' dir='ltr'>dus</span> <span class='ocrx_word' id='word_1_320' title='bbox 276 3739 332 3815; x_wconf 89' lang='lat' dir='ltr'>est,</span> <span class='ocrx_word' id='word_1_321' title='bbox 354 3736 538 3817; x_wconf 90' lang='lat' dir='ltr'>praesertim</span> <span class='ocrx_word' id='word_1_322' title='bbox 557 3755 640 3817; x_wconf 92' lang='lat' dir='ltr'>cum,</span> <span class='ocrx_word' id='word_1_323' title='bbox 658 3735 745 3798; x_wconf 90' lang='lat' dir='ltr'>unde</span> <span class='ocrx_word' id='word_1_324' title='bbox 761 3735 817 3798; x_wconf 90' lang='lat' dir='ltr'>illa</span> <span class='ocrx_word' id='word_1_325' title='bbox 833 3737 980 3816; x_wconf 90' lang='lat' dir='ltr'>hauserit,</span> <span class='ocrx_word' id='word_1_326' title='bbox 1000 3737 1066 3820; x_wconf 91' lang='lat' dir='ltr'>ipse</span> <span class='ocrx_word' id='word_1_327' title='bbox 1082 3740 1163 3799; x_wconf 89' lang='lat' dir='ltr'>tecte</span> <span class='ocrx_word' id='word_1_328' title='bbox 1177 3735 1369 3817; x_wconf 89' lang='lat' dir='ltr'>pronuntiet.</span> <span class='ocrx_word' id='word_1_329' title='bbox 1409 3800 1414 3810; x_wconf 65' lang='grc'>,</span> 
     </span>
    </p>
   </div>
   <div class='ocr_carea' id='block_1_7' title="bbox 194 3855 1372 4350">
    <p class='ocr_par' dir='ltr' id='par_1_11' title="bbox 194 3855 1372 4282">
     <span class='ocr_line' id='line_1_39' title="bbox 285 3855 1370 3927; baseline 0 -17"><span class='ocrx_word' id='word_1_330' title='bbox 285 3856 316 3924; x_wconf 78' lang='grc'>“)</span> <span class='ocrx_word' id='word_1_331' title='bbox 336 3857 371 3910; x_wconf 82' lang='lat' dir='ltr'>ci.</span> <span class='ocrx_word' id='word_1_332' title='bbox 399 3858 506 3924; x_wconf 84' lang='lat' dir='ltr'>praeter</span> <span class='ocrx_word' id='word_1_333' title='bbox 533 3871 591 3924; x_wconf 89' lang='lat' dir='ltr'>eos,</span> <span class='ocrx_word' id='word_1_334' title='bbox 620 3873 686 3927; x_wconf 92' lang='lat' dir='ltr'>quos</span> <span class='ocrx_word' id='word_1_335' title='bbox 712 3858 785 3911; x_wconf 83' lang='lat' dir='ltr'>inira</span> <span class='ocrx_word' id='word_1_336' title='bbox 812 3856 1037 3924; x_wconf 89' lang='lat' dir='ltr'>commemorabo,</span> <span class='ocrx_word' id='word_1_337' title='bbox 1065 3855 1189 3925; x_wconf 87' lang='lat' dir='ltr'>Krueger</span> <span class='ocrx_word' id='word_1_338' title='bbox 1215 3855 1248 3908; x_wconf 90' lang='lat' dir='ltr'>ad</span> <span class='ocrx_word' id='word_1_339' title='bbox 1275 3855 1370 3910; x_wconf 88' lang='lat' dir='ltr'>Horati</span> 
     </span>
     <span class='ocr_line' id='line_1_40' title="bbox 195 3927 1370 3998; baseline 0 -16"><span class='ocrx_word' id='word_1_340' title='bbox 195 3928 278 3996; x_wconf 84' lang='lat' dir='ltr'>Epist.</span> <span class='ocrx_word' id='word_1_341' title='bbox 291 3928 319 3981; x_wconf 94' lang='lat' dir='ltr'>II</span> <span class='ocrx_word' id='word_1_342' title='bbox 333 3930 357 3995; x_wconf 92' lang='lat' dir='ltr'>l,</span> <span class='ocrx_word' id='word_1_343' title='bbox 378 3930 429 3982; x_wconf 80' lang='lat'>175</span> <span class='ocrx_word' id='word_1_344' title='bbox 442 3929 471 3982; x_wconf 89' lang='lat' dir='ltr'>et</span> <span class='ocrx_word' id='word_1_345' title='bbox 482 3927 655 3982; x_wconf 75' lang='lat' dir='ltr'>Friedliinder</span> <span class='ocrx_word' id='word_1_346' title='bbox 667 3945 708 3997; x_wconf 87' lang='lat' dir='ltr'>ap.</span> <span class='ocrx_word' id='word_1_347' title='bbox 721 3929 884 3998; x_wconf 85' lang='lat' dir='ltr'>Marquardt</span> <span class='ocrx_word' id='word_1_348' title='bbox 903 3930 996 3996; x_wconf 83' lang='lat' dir='ltr'>„Rbm</span> <span class='ocrx_word' id='word_1_349' title='bbox 1007 3927 1213 3983; x_wconf 80' lang='lat' dir='ltr'>Staatsverw.“²</span> <span class='ocrx_word' id='word_1_350' title='bbox 1223 3927 1266 3982; x_wconf 92' lang='lat' dir='ltr'>III</span> <span class='ocrx_word' id='word_1_351' title='bbox 1278 3927 1370 3996; x_wconf 80' lang='grc'>(1885)</span> 
     </span>
     <span class='ocr_line' id='line_1_41' title="bbox 194 3999 1372 4152; baseline -0.002 -28"><span class='ocrx_word' id='word_1_352' title='bbox 194 4015 219 4067; x_wconf 64' lang='lat' dir='ltr'>p&#39;</span> <span class='ocrx_word' id='word_1_353' title='bbox 239 3999 381 4138; x_wconf 58' lang='lat' dir='ltr'>53⁸¹⁸3qiu</span> <span class='ocrx_word' id='word_1_354' title='bbox 398 4071 450 4124; x_wconf 77' lang='lat' dir='ltr'>um</span> <span class='ocrx_word' id='word_1_355' title='bbox 469 4070 636 4125; x_wconf 73' lang='lat' dir='ltr'>ceumisnsn</span> <span class='ocrx_word' id='word_1_356' title='bbox 654 4070 671 4124; x_wconf 86' lang='lat'>1.</span> <span class='ocrx_word' id='word_1_357' title='bbox 691 4086 712 4124; x_wconf 80' lang='lat' dir='ltr'>s.</span> <span class='ocrx_word' id='word_1_358' title='bbox 732 4088 767 4126; x_wconf 73' lang='lat' dir='ltr'>s:</span> <span class='ocrx_word' id='word_1_359' title='bbox 793 4071 860 4139; x_wconf 76' lang='lat' dir='ltr'>„nte</span> <span class='ocrx_word' id='word_1_360' title='bbox 885 4071 960 4124; x_wconf 76' lang='lat' dir='ltr'>nus</span> <span class='ocrx_word' id='word_1_361' title='bbox 977 4070 1056 4124; x_wconf 73' lang='lat' dir='ltr'>mont</span> <span class='ocrx_word' id='word_1_362' title='bbox 1072 4069 1145 4123; x_wconf 77' lang='lat' dir='ltr'>nare</span> <span class='ocrx_word' id='word_1_363' title='bbox 1164 4068 1372 4152; x_wconf 52' lang='lat' dir='ltr'>remorsurum</span> 
     </span>
     <span class='ocr_line' id='line_1_42' title="bbox 196 4139 1369 4210; baseline -0.001 -15"><span class='ocrx_word' id='word_1_364' title='bbox 196 4158 245 4195; x_wconf 82' lang='lat' dir='ltr'>zur</span> <span class='ocrx_word' id='word_1_365' title='bbox 262 4141 442 4210; x_wconf 80' lang='lat' dir='ltr'>Entrichtung</span> <span class='ocrx_word' id='word_1_366' title='bbox 459 4142 536 4196; x_wconf 90' lang='lat' dir='ltr'>einer</span> <span class='ocrx_word' id='word_1_367' title='bbox 553 4141 730 4197; x_wconf 82' lang='lat' dir='ltr'>Straisumme</span> <span class='ocrx_word' id='word_1_368' title='bbox 750 4142 793 4197; x_wconf 91' lang='lat' dir='ltr'>bei</span> <span class='ocrx_word' id='word_1_369' title='bbox 804 4141 954 4197; x_wconf 87' lang='lat' dir='ltr'>Missiailen</span> <span class='ocrx_word' id='word_1_370' title='bbox 965 4141 1013 4195; x_wconf 90' lang='lat' dir='ltr'>des</span> <span class='ocrx_word' id='word_1_371' title='bbox 1025 4140 1217 4210; x_wconf 84' lang='lat' dir='ltr'>auigefiihrten</span> <span class='ocrx_word' id='word_1_372' title='bbox 1230 4139 1369 4195; x_wconf 85' lang='lat' dir='ltr'>Sttrckes“.</span> 
     </span>
     <span class='ocr_line' id='line_1_43' title="bbox 195 4212 692 4282; baseline 0 -16"><span class='ocrx_word' id='word_1_373' title='bbox 195 4212 230 4266; x_wconf 83' lang='lat' dir='ltr'>cf.</span> <span class='ocrx_word' id='word_1_374' title='bbox 250 4213 331 4267; x_wconf 87' lang='lat' dir='ltr'>etiam</span> <span class='ocrx_word' id='word_1_375' title='bbox 349 4213 469 4266; x_wconf 83' lang='lat' dir='ltr'>Amdohr</span> <span class='ocrx_word' id='word_1_376' title='bbox 486 4212 503 4266; x_wconf 94' lang='lat' dir='ltr'>l.</span> <span class='ocrx_word' id='word_1_377' title='bbox 523 4227 544 4266; x_wconf 92' lang='lat' dir='ltr'>s.</span> <span class='ocrx_word' id='word_1_378' title='bbox 564 4229 629 4282; x_wconf 86' lang='lat' dir='ltr'>sp.</span> <span class='ocrx_word' id='word_1_379' title='bbox 649 4213 692 4266; x_wconf 80' lang='lat'>24.</span> 
     </span>
    </p>

    <p class='ocr_par' dir='ltr' id='par_1_12' title="bbox 286 4283 766 4350">
     <span class='ocr_line' id='line_1_44' title="bbox 286 4283 766 4350; baseline 0 -12"><span class='ocrx_word' id='word_1_380' title='bbox 286 4283 318 4350; x_wconf 76' lang='lat'>¹⁸)</span> <span class='ocrx_word' id='word_1_381' title='bbox 337 4285 372 4338; x_wconf 84' lang='lat' dir='ltr'>ci.</span> <span class='ocrx_word' id='word_1_382' title='bbox 392 4284 508 4338; x_wconf 84' lang='lat' dir='ltr'>Macrob.</span> <span class='ocrx_word' id='word_1_383' title='bbox 527 4283 581 4339; x_wconf 83' lang='lat' dir='ltr'>Sat.</span> <span class='ocrx_word' id='word_1_384' title='bbox 601 4284 643 4338; x_wconf 88' lang='lat' dir='ltr'>lli</span> <span class='ocrx_word' id='word_1_385' title='bbox 663 4285 705 4347; x_wconf 88' lang='grc'>14,</span> <span class='ocrx_word' id='word_1_386' title='bbox 725 4286 766 4338; x_wconf 86' lang='grc'>13.</span> 
     </span>
    </p>
   </div>
   <div class='ocr_carea' id='block_1_8' title="bbox 0 0 1652 5048">
    <p class='ocr_par' dir='ltr' id='par_1_13' title="bbox 0 0 1652 5048">
     <span class='ocr_line' id='line_1_45' title="bbox 0 0 1652 5048; baseline 0 0"><span class='ocrx_word' id='word_1_387' title='bbox 0 0 1652 5048; x_wconf 95' lang='lat' dir='ltr'> </span> 
     </span>
    </p>
   </div>
  </div>
 </body>
</html>
