3280 5048
691 341 911 404 ...75-

306 521 334 584 l.
356 519 396 584 In
418 519 487 584 Ter.
513 519 580 582 rita
602 515 689 583 Suet.
713 518 864 602 leguntur
890 518 967 582 haec
990 517 1032 603 (p.
1052 518 1095 582 28
1118 515 1235 600 Roiff.):
1265 515 1386 600 „Scrip-

216 610 257 673 sit
280 609 357 691 (scil.
379 607 557 690 Terentius)
577 607 753 677 comoedias
776 621 842 672 sex.
866 625 907 670 ex
931 606 1048 690 quibus
1070 607 1203 690 primam
1231 604 1386 668 Andriam

214 717 298 770 oum
325 697 521 761 aedilibus
555 696 701 778 daret“,
733 715 780 779 sq.
826 695 888 760 Sed
912 696 951 759 de
973 701 1038 760 tota
1061 696 1119 759 hac
1141 694 1262 777 fabula,
1291 713 1386 776 quam

216 787 255 851 de
278 785 413 850 Caecilio
433 791 464 850 et
481 785 625 850 Terentio
645 785 817 850 Suetonius
835 786 895 849 hoo
913 787 983 850 loco
998 789 1113 868 narrat,
1136 786 1194 849 suo
1213 785 1283 848 iure
1301 802 1388 845 nunc

215 877 276 939 viri
299 876 383 940 docti
406 871 602 954 dubitantl³l
758 921 760 926 -

306 967 335 1028 2.
363 967 408 1028 At
434 965 552 1048 legitur
577 970 609 1028 et
636 964 720 1047 apud
748 963 982 1046 Suetoniume)
1011 969 1042 1027 ct
1073 963 1156 1046 apud
1184 960 1387 1042 Donatumn)

193 1053 195 1058 ’
217 1053 409 1117 Eunuchum
427 1053 567 1117 fabulam
585 1054 738 1117 meruisse
756 1059 825 1116 ooto
852 1053 936 1117 milia
955 1071 1132 1134 nummum,
1155 1070 1237 1136 quae
1253 1056 1387 1135 poetam,

216 1162 280 1207 non
304 1143 467 1207 dominum
491 1144 595 1226 gregis
624 1143 780 1225 accepisse
803 1147 1052 1206 consentaneum
1074 1149 1128 1206 est.
1174 1139 1290 1204 Tamen
1314 1158 1388 1203 oum
1436 1203 1440 1210 ,

217 1231 365 1296 Eunuchi
389 1232 509 1317 duplex
531 1233 613 1296 actio
632 1232 794 1315 singulare
813 1231 971 1314 quoddam
990 1231 1088 1294 inisse
1111 1230 1307 1311 videatur,⁸⁰)
1331 1229 1388 1292 hos

152 1356 154 1358 ·
216 1320 302 1386 locos
321 1339 361 1385 na
379 1321 474 1384 nimis
491 1340 682 1404 premamus,
705 1322 883 1384 cavendum
902 1325 957 1386 est.
994 1320 1161 1385 Praeterea
1178 1319 1258 1382 nihil
1277 1317 1388 1400 obstat,

216 1412 387 1493 quominus
419 1410 535 1474 aediles
568 1413 626 1474 etsi
653 1409 794 1473 fabulam
823 1409 992 1473 adomino
1018 1410 1137 1493 gregIs,
1169 1427 1233 1472 non
1257 1406 1297 1471 ab
1319 1408 1388 1490 ipso

217 1505 307 1583 poeta
330 1503 480 1580 emerant,
503 1504 608 1563 tamen
626 1503 736 1581 poetae
751 1497 832 1562 illud
847 1501 985 1582 pretium
1003 1517 1061 1562 sua
1079 1503 1191 1581 sponte
1205 1495 1388 1580 praebuisse

216 1607 408 1653 censeamus.

306 1677 334 1740 3.
358 1676 479 1741 Eodem
502 1682 620 1762 spectat
648 1675 832 1757 didascalia,
861 1695 942 1760 quae
965 1675 1004 1740 de
1027 1673 1060 1739 L.
1084 1675 1174 1738 Varii
1196 1673 1331 1756 Thyeste
1353 1675 1387 1736 in

216 1766 283 1831 cod.
317 1766 416 1830 Paris.
449 1767 533 1830 7530
563 1785 586 1828 s.
614 1762 698 1830 VIII
726 1769 870 1829 servatur
898 1764 996 1848 (Suet.
1019 1764 1085 1828 rell.
1109 1763 1156 1827 ed.
1180 1762 1269 1827 Reiff.
1291 1783 1321 1847 p.
1345 1763 1388 1826 48

136 1897 140 1906 -
216 1856 255 1919 ad
279 1857 336 1920 col.
354 1857 428 1935 All:
454 1855 589 1938 „Lucius
609 1853 726 1918 Varius
744 1859 952 1938 cognomento
974 1853 1076 1918 Rufus
1091 1852 1249 1934 Thyesten
1267 1857 1388 1935 tragos·-
1423 1902 1425 1906 .

217 1946 301 2008 diam
323 1964 538 2029 magnacum
565 1943 744 2008 absolutam
771 1951 843 2028 post
869 1946 1032 2007 Actiacam
1063 1943 1226 2006 victoriam
1251 1941 1389 2022 Augusti

216 2034 307 2116 (corr.
329 2033 384 2097 Th.
409 2033 599 2112 Mommsen3
624 2053 695 2117 ,aug
718 2082 725 2097 .
750 2083 757 2097 .
781 2036 797 2096 .‘
821 2034 902 2113 ood.;
928 2039 1079 2116 ,augusto‘
1102 2051 1185 2096 man.
1209 2032 1281 2112 reo.)
1304 2031 1389 2094 ludis

217 2124 287 2188 eius
304 2124 339 2186 in
355 2142 501 2188 scaenam
518 2123 612 2204 dedit,
629 2143 687 2207 pro
707 2142 770 2207 qua
788 2122 895 2187 fabula
907 2124 1085 2187 sestertium
1099 2122 1225 2185 deciens
1244 2121 1388 2205 accepit“.

305 2221 334 2275 4.
358 2211 480 2276 Deinde
501 2215 666 2296 provocari
694 2217 798 2295 potest
828 2212 868 2275 ad
896 2211 1010 2276 Horati
1037 2218 1093 2275 sat.
1121 2210 1213 2294 110,
1242 2210 1283 2273 36
1308 2227 1389 2292 sqq:

261 2300 436 2384 „Turgidus
459 2301 597 2383 Alpinus
619 2301 745 2383 iugulat
768 2300 844 2362 durn
868 2300 1038 2364 Memnona
1061 2300 1201 2382 dumque

261 2388 401 2472 Defingit
423 2388 526 2451 Rheni
548 2389 673 2451 luteum
696 2395 799 2473 caput,
832 2391 909 2452 haec
931 2407 989 2472 ego
1012 2389 1097 2469 ludo,

262 2476 364 2554 Quae
382 2496 504 2561 neque
521 2478 559 2540 in
580 2477 671 2541 aede
690 2483 826 2541 sonent
843 2480 1032 2542 certantia
1050 2478 1176 2540 iudice
1194 2475 1325 2559 Tarpa,

260 2567 291 2630 N
297 2586 337 2631 ec
359 2567 514 2630 redeant
536 2571 673 2630 iterum
692 2571 805 2649 atque
823 2567 958 2631 iterum
980 2566 1183 2651 spectanda
1201 2565 1390 2630 theatris.“

217 2655 294 2719 Huc
304 2657 440 2739 pertinet
452 2657 510 2720 hoc
522 2656 618 2721 schol.
631 2654 753 2741 Oruqu.
767 2655 914 2740 (Gruquii
926 2657 973 2722 ed.
985 2656 1061 2720 Hor.
1075 2677 1122 2740 op.
1137 2657 1289 2739 Antverp.
1304 2655 1390 2718 1579

217 2766 245 2829 p.
266 2747 356 2826 3995:
381 2744 516 2830 „Metius
534 2745 634 2831 Tarpa
652 2747 713 2810 suit
730 2747 828 2811 iudex
847 2747 987 2826 criticus,
1010 2745 1134 2809 auditor
1152 2745 1299 2809 assiduus
1317 2763 1390 2828 poe-

216 2840 336 2897 matum
353 2841 385 2898 et
398 2840 564 2919 poetarum
579 2837 612 2898 in
625 2837 702 2900 aede
714 2836 873 2920 Apollinis
885 2854 943 2899 seu
957 2834 1129 2917 Musarum,
1145 2854 1209 2918 quo
1221 2835 1390 2898 convenire

119 2985 121 2990 ,
216 2928 325 3005 poetae
353 2923 497 2987 solebant
524 2943 647 3007 suaque
675 2927 791 3009 scripta
819 2926 963 3006 recitare,
991 2943 1087 3008 quae
1117 2925 1195 2986 nisi
1227 2944 1246 2986 a
1272 2922 1390 3006 Tarpa

217 3016 281 3072 aut
304 3011 380 3074 alio
409 3013 557 3094 critico,
586 3015 641 3094 qui
664 3031 797 3076 numero
821 3019 910 3076 erant
934 3015 1088 3096 quinque,
1119 3011 1390 3094 probarentur,

216 3101 254 3162 in
278 3118 453 3163 scaenam
486 3119 560 3164 non
593 3100 894 3165 deferebantur.“
942 3101 1035 3164 Unde
1059 3099 1251 3165 Oehmichen
1275 3101 1294 3162 l.
1317 3119 1342 3164 a.
1366 3119 1390 3164 s.

218 3186 313 3252 efficit
336 3187 496 3252 Ciceronis
520 3194 621 3253 aetate
643 3189 767 3253 fabulas
789 3209 889 3254 novas
913 3189 952 3253 ab
975 3191 1043 3273 ipso
1067 3190 1216 3254 ludorum
1238 3194 1390 3272 curatore,

218 3296 282 3340 non
305 3278 369 3341 iam
392 3298 410 3341 a
439 3279 566 3343 domino
599 3280 705 3363 gregis
734 3279 945 3361 examinatas,
977 3278 1107 3360 electas,
1137 3281 1238 3362 pretio
1270 3283 1390 3362 emptas

216 3403 423 3413 ———.

307 3487 339 3554 ³⁶)
357 3489 393 3542 cf.
412 3489 524 3544 Hauler:
544 3492 652 3545 Phorm.
673 3489 733 3544 ed.⁸
745 3508 770 3559 p.
791 3493 824 3545 15
844 3490 932 3560 (impr.
952 3491 1011 3545 adn.
1031 3491 1047 3546 3
1067 3494 1096 3546 et
1113 3493 1158 3560 4.).

307 3558 339 3627 ⁸⁴)
357 3559 500 3642 Suetonius
523 3565 558 3631 (p.
578 3563 612 3618 29
631 3561 727 3632 Baiis.)
753 3565 844 3616 narrat
867 3563 946 3617 haec:
971 3563 1134 3630 „Eunuchus
1175 3562 1265 3616 laidem
1288 3561 1328 3614 bie
1347 3561 1390 3615 die

217 3633 307 3700 (quam
325 3631 469 3686 lechonem
487 3635 610 3688 traditam
630 3651 692 3688 oum
710 3633 831 3688 Vahleno
851 3633 942 3702 [libell.
961 3634 1080 3688 univers.
1099 3579 1187 3688 Beraffi.
1208 3633 1309 3700 1888)4
1327 3649 1352 3702 p.
1362 3634 1389 3701 4]

217 3703 310 3756 contra
326 3702 503 3758 Ritsohelium
529 3706 688 3787 seruandam
717 3720 776 3758 esse
795 3705 919 3786 arbitror)
946 3707 1074 3787 aotaflest
1095 3704 1247 3772 meruitque
1274 3704 1391 3772 pretium

217 3775 345 3913 mil
358 3773 871 3927 llltllltlltaltttllt
888 3775 1043 3915 illarii?
1056 3791 1275 3914 diffisa.
1296 3847 1331 3914 (ρ.
1358 3847 1391 3901 10

216 3914 233 3970 l.
254 3918 286 3968 11
306 3932 364 3985 sqq.
383 3915 436 3986 II),
464 3916 508 3970 ubr
530 3915 628 3986 legitur
645 3919 708 3973 hoo:
737 3920 784 3984 „et
801 3921 860 3973 acta
878 3920 921 3972 ost
937 3919 1011 3971 tanto
1030 3933 1173 3985 successu,
1198 3917 1293 3985 plausu
1311 3919 1391 3986 atque

216 3988 359 4056 suffragio,
387 3989 418 4041 ut
441 4004 534 4042 rursus
558 3990 631 4043 esset
654 3989 764 4044 vendita
781 3992 810 4044 et
827 3990 953 4059 ageretur
970 3989 1069 4044 iterum
1086 4005 1134 4058 pro
1152 4004 1223 4043 nova
1239 4005 1340 4058 proque
1360 4005 1392 4044 ea

215 4058 340 4126 pretium,
360 4059 430 4126 quod
447 4058 514 4113 nulli
532 4061 593 4112 ante
612 4059 697 4127 ipsam
716 4060 821 4115 fabulae
840 4060 958 4129 contigit
983 4062 1059 4114 octo
1085 4059 1237 4115 millibus
1264 4063 1390 4114 sester-

216 4129 296 4182 tium
315 4131 526 4183 numerarent
544 4132 691 4198 pootae.“
710 4132 744 4185 cf.
763 4131 836 4186 intra
853 4149 878 4200 p.
898 4132 933 4186 83
952 4132 1012 4185 adn.
1031 4131 1066 4186 56
1085 4132 1113 4185 et
1130 4148 1155 4201 p.
1174 4132 1217 4186 84.

306 4200 339 4267 ⁸⁰)
358 4201 393 4254 of.
406 4200 537 4254 Ritsoheli
549 4201 656 4271 Parerg.
670 4219 695 4271 p.
706 4203 758 4256 332
772 4221 799 4256 n.
809 4204 834 4256 2.
859 4235 887 4244 -
907 4203 1046 4257 Dziatzlro:
1066 4202 1135 4256 Mna.
1149 4203 1235 4257 Rhen.
1249 4219 1310 4256 nov.
1321 4203 1391 4256 XXI

216 4288 240 4340 p.
254 4273 315 4326 473.
335 4303 367 4310 -
386 4271 501 4326 Hauler:
521 4272 536 4324 l.
551 4287 572 4325 e.
584 4288 606 4325 s.
619 4274 704 4341 praef.
719 4290 743 4343 p.
757 4274 831 4329 2011.
846 4276 863 4328 3
881 4277 909 4328 et
927 4275 1040 4344 append.
1060 4275 1118 4328 crit.
1132 4291 1157 4343 p.
1174 4275 1223 4328 193
1243 4275 1286 4343 (ad
1300 4291 1324 4328 v.
1337 4275 1389 4342 16).
