3280 5048
586 334 916 422 '1-41-

163 504 165 509 ’
219 516 375 581 iecerunt:
410 513 575 580 Terentius
609 529 735 596 semper
768 511 912 596 superior
945 509 1088 576 discessit
1122 527 1296 594 omnesque
1326 508 1395 574 eius

219 604 347 670 fabulae
358 603 486 686 Hecyra
504 606 635 686 excepta
653 599 770 684 populo
782 599 874 664 uelde
891 599 1088 683 placuerunt.
1123 595 1228 674 Quare
1243 600 1395 683 quoniam

100 711 101 714 ’
221 713 255 758 se
287 695 355 758 suis
386 689 677 756 insimulationibus
708 689 840 754 minime
871 687 1025 770 effecisse,
1056 694 1092 751 ut
1118 687 1243 752 Terenti
1269 685 1395 752 fabulae

222 784 438 866 exigerentur,
464 780 568 865 iniqui
590 778 821 860 intellexerant,
849 778 953 842 denuo
977 778 1008 842 id
1032 777 1157 842 crimini
1180 778 1209 840 ci
1232 776 1395 858 dederunt,

223 871 309 955 quod
320 871 443 934 tabidas
454 888 518 935 nen
530 871 606 954 ipse,
618 867 673 932 scd
686 866 725 931 ab
737 866 919 932 hominibus
931 865 1091 930 nobilibus
1100 866 1228 930 adiutus
1237 865 1394 930 scriberet

311 959 373 1024 Sed
396 958 548 1024 inrebus
570 957 776 1042 apertissimis
798 957 934 1020 nimium
958 955 1046 1039 longi
1068 973 1188 1020 sumus.
1230 954 1267 1018 Id
1290 955 1395 1037 igitur,

224 1049 308 1132 quod
331 1048 427 1130 volui,
451 1053 488 1112 ut
510 1045 786 1130 eomprehendam:
816 1045 1042 1110 attendendum
1067 1063 1135 1108 esse
1157 1048 1234 1129 pute
1257 1044 1393 1127 primum

221 1140 341 1202 crimen
365 1136 641 1202 contaminationis
663 1135 755 1200 initio
777 1139 900 1201 tentum
919 1152 1085 1198 occurrere
1102 1139 1197 1216 atque
1214 1153 1234 1197 a
1251 1131 1395 1197 Terentio

221 1229 254 1290 in
283 1226 408 1292 duobus
430 1227 507 1290 solis
529 1227 640 1310 primis
662 1224 801 1309 prologis
824 1223 995 1287 refutatum
1018 1241 1102 1301 esse;
1131 1221 1244 1286 deinde
1267 1223 1396 1303 crimen,

222 1316 307 1399 quod
335 1316 374 1380 ad
402 1317 576 1380 amicorum
600 1314 756 1378 auxilium
781 1313 930 1396 pertinet,
957 1312 1007 1380 bie.
1028 1311 1068 1377 ab
1091 1311 1281 1377 adversariis
1304 1329 1396 1375 usur-

221 1411 330 1490 patum
353 1424 436 1472 esse:
461 1406 611 1489 primum,
636 1403 829 1485 simulatque
850 1402 982 1483 Andria,
1009 1401 1111 1484 prima
1132 1400 1258 1466 Terenti
1280 1399 1396 1482 fabula,

221 1494 353 1579 probata
384 1501 445 1573 est;
479 1499 547 1558 tum
580 1497 748 1577 postquam
777 1489 955 1572 Terentius,
986 1492 1109 1554 etiamsi
1142 1489 1396 1574 quibuscumque
1483 1573 1486 1580 Ι

222 1583 318 1648 rebus
348 1586 533 1669 potuerunt,
566 1583 596 1647 ei
623 1580 798 1646 obtrectare
826 1580 1026 1661 studuerant,
1058 1585 1163 1644 tamen
1191 1579 1270 1643 nihil
1296 1597 1396 1666 paene

223 1673 286 1736 nisi
309 1672 429 1756 palmas
450 1671 663 1756 acceperatlt)

738 1779 913 1788 --.-.-,.,-

405 2051 407 2056 Α
443 1941 567 2038 Caput
594 1941 657 2013 Νι
687 1938 744 2020 De
772 1936 957 2019 Andriae
985 1923 1191 2039 prologo.¹

311 2099 466 2163 Andriam
499 2101 635 2183 primam
661 2097 788 2164 Terenti
820 2099 959 2164 fabulam
988 2117 1057 2162 esse
1083 2100 1286 2183 primumque
1313 2117 1396 2162 anno

224 2188 287 2252 166
312 2187 354 2252 Μ.
373 2187 522 2252 Marcello
546 2187 579 2254 (l.
610 2188 751 2272 Sulpicio
782 2207 860 2252 coss.
885 2194 986 2254 aetam
1010 2207 1079 2252 esse
1102 2194 1197 2252 etex
1219 2187 1397 2252 didascaliis

222 2284 254 2340 et
276 2296 319 2340 ex
340 2275 465 2340 Terenti
484 2278 550 2340 vite
573 2276 766 2364 Suetoniana
790 2284 822 2341 et
844 2296 885 2341 ex
906 2275 1025 2342 Donati
1046 2277 1238 2361 praelatione
1254 2277 1397 2341 Andriae

222 2366 393 2449 praemissa
420 2365 624 2439 manifestum
651 2371 699 2430 est
725 2385 830 2450 neque
859 2366 961 2430 ullum
988 2373 1091 2431 exstat
1118 2368 1301 2449 vestigium,
1333 2385 1396 2449 quo

223 2453 377 2516 Andriam
405 2453 551 2518 Terentio
578 2456 653 2518 vivo
680 2455 796 2518 iterum
823 2462 925 2520 aetam
953 2475 1021 2520 esse
1049 2455 1185 2520 dilucide
1214 2456 1395 2539 appareat.¹)

224 2540 294 2608 Hoc
322 2543 380 2606 etsi
407 2544 452 2607 ita
479 2561 513 2606 se
540 2542 648 2626 habet,
676 2548 781 2609 tamen
804 2545 965 2612 ,Andriam
988 2545 1132 2611 Terentio
1157 2545 1230 2609 vivo
1253 2545 1396 2608 iteratam

224 2650 292 2696 esse
318 2629 468 2716 permulti
495 2633 557 2696 viri
584 2634 667 2699 docti
694 2639 887 2718 putaverunt
923 2634 1054 2720 prologo
1090 2635 1229 2700 Andriae
1260 2634 1397 2716 adducti,

224 2720 382 2805 quemad
405 2723 541 2805 primam
564 2725 640 2786 anni
667 2723 729 2786 166
753 2725 908 2788 actionem
931 2726 1087 2807 pertinere
1111 2731 1314 2808 negaverunt
1348 2726 1397 2787 Ac

221 2810 361 2896 proiecto
388 2810 553 2877 Terentius
584 2831 658 2877 oum
687 2811 843 2894 fabulam,
876 2833 970 2897 quum
1000 2815 1168 2878 histriones
1196 2815 1297 2878 acturi
1325 2815 1397 2895 sint,

222 2919 339 2965 novam
363 2919 432 2964 esse
455 2901 488 2964 in
512 2903 625 2967 ceteris
648 2902 787 2986 prologis
809 2903 974 2987 perspicue
993 2903 1076 2967 dicat
1095 2905 1234 2987 exeeptis
1252 2903 1397 2984 Hecyrae

223 2989 371 3071 prologis,
394 3008 531 3072 querum
553 2993 689 3074 priorem
713 2991 752 3055 ad
775 2993 957 3076 secundam,
983 2994 1186 3076 posteriorem
1210 2993 1250 3057 ad
1272 2993 1397 3055 tertiam

224 3075 370 3158 Hecyrae
401 3079 556 3142 actionem
588 3084 730 3164 spectare
756 3086 848 3165 poeta
876 3081 1053 3147 luculenter
1079 3081 1210 3158 indicat,
1242 3080 1397 3144 eiusmodi

223 3166 321 3230 verba
352 3168 387 3229 in
415 3167 558 3232 Andriae
588 3171 733 3254 prologo
749 3190 880 3254 prorsus
908 3171 1134 3235 desiderantur.
1185 3168 1397 3246 Quamobrem

223 3261 332 3320 uuum
355 3257 506 3340 prologus
529 3258 568 3321 ad
589 3261 724 3343 primam
742 3262 898 3324 actionem
916 3259 1099 3324 referendus
1117 3260 1158 3324 sit
1176 3279 1216 3324 an
1236 3260 1275 3324 ad
1294 3259 1398 3341 aliem,

225 3350 259 3409 ut
282 3365 519 3430 cognoscamus,
542 3346 613 3411 aliis
636 3347 732 3412 huius
754 3349 877 3434 prologi
895 3349 973 3413 locis
993 3349 1084 3412 uobis
1102 3349 1268 3414 nitendum
1287 3355 1342 3431 eet,
1364 3348 1397 3411 id

225 3435 310 3517 quod
340 3435 434 3499 multi
461 3437 521 3500 viri
551 3437 635 3501 docti
663 3436 813 3502 fecerunt.
864 3435 927 3503 Sed
956 3439 988 3501 in
1018 3439 1097 3502 duas
1124 3446 1228 3524 partes
1258 3441 1397 3503 virorum

224 3524 387 3588 doctorum
415 3525 475 3589 hac
503 3525 541 3589 de
569 3545 604 3590 re
631 3527 749 3592 iudicia
776 3527 937 3591 abierunt:
968 3527 1058 3592 alteri
1086 3529 1125 3592 ad
1153 3527 1276 3612 prologi
1303 3527 1398 3591 verba

224 3613 379 3696 quaedam
398 3621 660 3699 provocaverunt,
679 3635 761 3699 quae
781 3617 872 3700 quasi
890 3617 1026 3682 clamere
1038 3617 1222 3682 viderentur
1234 3617 1397 3701 prolegum

223 3702 262 3764 ad
286 3705 493 3786 'posteriorem
522 3707 677 3768 actionem
706 3706 876 3790 pertinere,
905 3707 994 3770 alteri
1024 3711 1080 3769 aut
1110 3705 1228 3770 eisdem
1252 3710 1307 3768 aut
1329 3706 1399 3769 aliis

224 3791 300 3855 loeis
318 3793 387 3854 nixi
406 3793 492 3858 hunc
510 3794 677 3878 prologum
695 3796 815 3879 primae
834 3796 948 3859 actioni
966 3794 1185 3859 attribuerunt.
1222 3792 1310 3870 Quae
1325 3814 1399 3858 cum

223 3879 268 3942 ita
289 3882 361 3964 sint,
388 3901 451 3948 non
476 3902 745 3967 supervacaneum
769 3892 865 3967 atque
887 3883 1000 3949 inutile
1023 3884 1150 3947 videtur
1174 3883 1278 3948 denuo
1301 3889 1398 3948 totam

222 4006 436 4016 —a——u--u-

312 4056 345 4125 ⁹⁴)
362 4056 509 4126 Perperam
526 4057 743 4113 Herrmanowski
761 4059 778 4112 l.
798 4075 820 4114 s.
839 4076 860 4114 s.
879 4077 905 4128 p.
924 4061 957 4114 37
978 4061 1024 4128 (ci.
1043 4060 1103 4114 adn.
1122 4059 1178 4130 20).

314 4128 335 4197 ¹)
353 4127 478 4183 Alterum
500 4129 547 4197 qui
569 4128 599 4182 in
619 4129 753 4185 codicibus
772 4130 929 4200 quibusdam
948 4131 1074 4199 deditum,
1099 4131 1201 4186 exitam
1220 4148 1274 4186 non
1291 4131 1399 4186 Terenti

222 4214 282 4254 esse
307 4201 419 4254 constat.
457 4199 493 4253 ci.
516 4199 647 4268 imprimis
670 4202 702 4254 Δ.
721 4202 853 4257 Greiield:
879 4202 938 4270 „De
958 4202 1074 4258 Andriae
1092 4202 1270 4258 Terentianae
1293 4203 1399 4272 gemino

222 4270 325 4326 exitu.“
344 4270 415 4326 Dise.
434 4270 522 4340 inaug.
542 4271 667 4326 Heleneis
678 4273 756 4328 1886.
