3280 5048
733 293 951 355 „30-

644 469 715 552 §h
762 469 1045 538 conclusiones.

345 559 537 643 Priusquam
560 559 599 623 ad
622 560 735 624 seriem
758 565 789 624 et
810 561 1014 644 prologorum
1036 567 1068 626 et
1089 561 1268 628 fabularum
1289 567 1430 631 statuen-

257 649 328 713 dam
361 648 521 730 adeamus,
556 650 671 731 omnia,
703 668 786 732 quae
818 649 922 715 adhuc
952 651 1164 735 disputatione
1187 656 1295 716 nostra
1318 653 1431 716 lucrati

220 807 224 815 ,
256 757 377 820 sumus,
400 739 582 803 summatim
606 738 925 822 comprehendamus:

345 827 369 890 Ι.
393 825 442 892 De
464 827 634 892 Andriae
656 828 814 912 prologo
836 829 914 894 haec
937 834 1081 894 constare
1103 831 1261 895 vidimus:

345 919 375 998 a)
398 915 495 982 Hunc
518 917 684 1001 prologum
707 921 780 981 ante
802 922 834 982 et
856 917 1209 984 Heautontimorumeni
1231 927 1262 984 et
1284 919 1430 1002 Hecyrae

255 1008 389 1091 primam
413 1003 568 1070 actionem
591 1007 742 1089 scriptum
767 1025 836 1071 esse
859 1010 898 1091 (p.
919 1008 958 1070 17
983 1006 1059 1092 sq.);

346 1094 377 1175 h)
400 1094 484 1162 Hom
522 1096 661 1180 prologis
702 1100 734 1160 et
768 1095 1120 1162 Heautontimorumeni
1153 1104 1184 1163 et
1218 1097 1367 1163 Eunuchi
1400 1105 1431 1162 et

256 1185 456 1248 Phormionis
478 1187 683 1250 antecessisse
706 1185 748 1268 (p.
773 1185 814 1248 26
838 1188 912 1270 sq.);

270 1302 272 1308 v
347 1276 373 1357 c)
398 1273 481 1338 llum
505 1278 536 1338 et
558 1279 632 1338 ante
654 1274 821 1358 Adelphon
844 1275 1012 1359 prologum
1034 1281 1065 1340 et
1093 1277 1142 1359 (ut
1163 1277 1429 1342 vefisimillimum

257 1366 315 1445 est)
357 1364 519 1447 aliquanto
560 1367 633 1427 ante
673 1363 874 1428 Phormionis
907 1366 1074 1449 prologum
1113 1367 1322 1451 compositum
1362 1385 1431 1430 esse

256 1455 290 1538 (p
346 1449 380 1624 dl
397 1453 480 1606 111119
498 1542 637 1627 primum
655 1543 784 1607 omnino
802 1541 927 1608 Terenti
945 1543 1110 1628 prologum
1130 1563 1198 1610 esse
1221 1547 1263 1630 (p.
1281 1546 1300 1608 9
1316 1544 1385 1630 sq).

345 1629 390 1696 H.
429 1633 457 1696 1.
475 1629 938 1698 Heautontimorumenos
958 1631 1103 1716 Hecyrae
1119 1635 1255 1719 primam
1274 1635 1429 1700 actionem

257 1722 457 1786 subsecutam
482 1739 564 1803 esse,
587 1728 660 1785 ante
682 1722 780 1806 igitur
801 1720 948 1804 Hecyrae
971 1723 1051 1787 duas
1078 1725 1266 1807 posteriores
1291 1725 1429 1788 actiones

256 1817 359 1876 aetam
382 1829 450 1876 esse
468 1809 734 1888 verisimillimum
757 1815 805 1874 est
827 1811 869 1896 (p.
895 1807 965 1898 12.)

346 1903 375 1964 2.
398 1899 565 1965 Praeterea
587 1903 709 1964 constat
998 1949 999 1954 1

346 1998 377 2069 9)
400 1995 525 2074 poetam
548 2008 621 2052 cum
644 1989 730 2052 huno
752 1988 916 2073 prologum
952 1989 1115 2072 scriberet,
1146 2011 1208 2055 uon
1231 1993 1334 2056 multo
1357 1996 1426 2056 ante

256 2081 290 2142 in
313 2079 477 2163 publicum
500 2078 641 2160 prodisse
664 2079 705 2162 (p.
730 2076 810 2162 10.);

347 2169 377 2249 b)
401 2173 526 2252 poetam
547 2185 665 2252 paucas
688 2171 780 2232 antea
801 2166 925 2232 fabulas
949 2169 1050 2250 egisse
1072 2172 1111 2253 (p.
1138 2170 1200 2250 11).

346 2260 376 2321 3.
400 2255 546 2340 Denique
568 2256 783 2322 conclusimus
805 2257 892 2320 huno
914 2258 1078 2341 prologum

346 2348 374 2428 a)
398 2353 470 2410 ante
497 2350 528 2410 91
551 2345 752 2411 Phormionis
779 2347 821 2431 (p.
847 2347 900 2427 13)
927 2352 959 2410 91
982 2347 1148 2432 Adelphon
1177 2344 1216 2434 (p.
1242 2349 1283 2411 18
1307 2349 1366 2432 sq.)
1389 2353 1430 2429 et,

255 2442 294 2501 ut
316 2438 449 2518 videtur,
473 2435 622 2500 Eunuchi
645 2433 686 2520 (p.
711 2437 764 2513 21)
787 2434 953 2520 prologum

346 2525 377 2608 b)
399 2531 470 2611 post
491 2525 634 2589 Andriae
655 2524 821 2610 prologum
845 2524 886 2609 (p.
914 2526 953 2588 17
978 2527 1034 2609 sq.)
1058 2525 1209 2610 scriptum
1234 2545 1310 2590 csse.

345 2614 404 2679 III.
449 2613 502 2678 Hx
524 2614 768 2678 Phormionis
790 2614 947 2697 prologo
971 2615 1140 2682 didicimus
1443 2613 1447 2620 ’

349 2706 376 2767 1.
410 2702 591 2767 Terentium
624 2701 802 2786 complures
834 2702 960 2766 fabulas
995 2709 1087 2768 antea
1124 2704 1269 2769 docuisse
1306 2707 1346 2789 (p.
1377 2705 1428 2787 11)

257 2795 427 2877 rixamque
449 2794 532 2855 inter
555 2810 628 2854 eum
652 2790 867 2875 Lusciumque
890 2792 1086 2876 aliquamdiu
1108 2792 1206 2857 fuisse
1230 2793 1269 2878 (p.
1295 2795 1371 2875 11.);

347 2885 376 2946 2.
408 2881 538 2946 Pactam
568 2900 664 2944 unam
700 2881 869 2944 minimum
895 2880 1017 2945 cladem
1047 2901 1214 2966 unumque
1246 2901 1429 2950 successum

257 2973 414 3056 accepisse
441 2973 483 3056 (p.
508 2971 575 3051 12),
607 2970 639 3033 id
669 2970 753 3054 quod
782 2970 821 3033 ad
844 2969 990 3052 Hecyrae
1018 2976 1049 3036 et
1076 2970 1429 3036 Heautontimorumeni

256 3063 374 3147 primas
397 3061 536 3126 actiones
558 3060 715 3144 pertinere
738 3060 1007 3124 verisimillimum
1035 3079 1103 3125 esse
1121 3066 1270 3144 putamus
1293 3062 1334 3146 (p.
1360 3061 1427 3142 13);

347 3153 377 3219 3.
410 3151 540 3215 Poetam
558 3150 638 3213 duos
661 3150 830 3213 minimum
854 3150 929 3213 novi
952 3151 1003 3214 sui
1025 3151 1149 3232 generis
1167 3150 1313 3234 prologos
1332 3151 1429 3234 scrip·

256 3245 335 3305 sisse
354 3241 392 3324 (p.
411 3241 449 3303 11
462 3241 537 3324 sq.);
553 3237 586 3300 in
603 3240 648 3302 eis
664 3243 747 3302 certe
762 3240 903 3302 Andriae
919 3237 960 3322 (p.
973 3236 1086 3325 zulte)
1101 3244 1133 3303 et
1148 3238 1428 3304 Heautontimoru-

257 3332 342 3394 meni
366 3329 406 3414 (p.
433 3329 486 3411 13)
508 3327 655 3412 prologos
678 3346 755 3392 esse.

346 3417 401 3482 IV.
447 3416 624 3481 Eunuchi
646 3417 840 3501 prologum
864 3417 1081 3481 intelleximus

348 3510 374 3571 1.
409 3506 483 3571 Non
506 3506 644 3591 primum
663 3522 733 3569 esse
756 3507 796 3589 (p.
822 3505 890 3587 11);

346 3600 375 3662 2.
409 3595 482 3660 Nou
513 3595 615 3660 multo
645 3599 718 3658 ante
749 3593 916 3679 Adelphos
949 3595 1115 3680 prologum
1145 3630 1181 3640 -
1217 3597 1325 3680 itaque
1359 3601 1429 3681 post

256 3685 609 3752 Heautontimorumeni
640 3683 805 3769 prologum
843 3721 879 3730 -
914 3685 1066 3768 scriptum
1095 3702 1163 3748 esse
1191 3681 1231 3771 (p.
1257 3686 1298 3751 19
1322 3705 1368 3770 sq.
1397 3690 1429 3750 et

256 3798 277 3862 p
347 3865 385 3928 V.
431 3863 629 3948 Adelphon
653 3863 852 3947 prologum

348 3957 374 4019 1.
398 3954 449 4017 Ad
472 3954 608 4038 primam
629 3951 755 4017 Terenti
777 3951 917 4015 fabulam
937 3955 1077 4035 spectare
1094 3971 1160 4015 non
1181 3971 1272 4036 posse
1290 3954 1429 4018 vidimus

257 4046 289 4129 (p
347 4044 377 4196 2?
407 4129 528 4196 Deinde
547 4137 674 4215 apparet
692 4133 815 4214 poetam
835 4130 1012 4212 complures
1032 4129 1154 4194 fabulas
1173 4135 1265 4194 antea
1285 4131 1430 4195 docuisse

257 4225 296 4307 (p.
322 4224 373 4300 12)
398 4238 515 4303 easque
