3280 5048
740 324 962 388 ,66-

428 503 503 588 „Ille
527 505 565 568 ad
588 505 702 569 famem
727 507 812 569 hune
835 525 854 567 a
877 504 981 570 studio
1005 505 1127 570 studuit
1149 506 1279 572 reicere:

427 593 489 658 Hic
512 595 741 678 respondere
765 594 873 676 voluit,
896 613 959 659 non
983 595 1163 660 lacesseret

357 683 509 748 Similiter
529 686 563 747 in
587 683 670 750 Eun.
693 685 770 768 prol.
794 684 870 765 dicit
892 685 935 766 (v.
954 686 975 746 4
998 687 1093 768 sqq.):

427 773 524 856 „Tum
546 775 665 857 siquis
688 781 745 856 est,
767 775 822 858 qui
846 773 964 858 dicium
988 775 1021 837 in
1046 793 1080 838 se
1102 775 1323 840 inclementius

426 862 642 928 Existumabit
664 881 741 944 esse,
764 863 809 926 sic
832 863 1011 945 existumet,

426 951 673 1037 Responsum,
696 971 759 1017 non
784 952 904 1016 dictum
927 971 1005 1030 esse,
1028 953 1104 1036 quia
1127 953 1219 1017 laesit
1241 955 1353 1037 prior‘t

356 1042 556 1126 Unaquaque
583 1042 680 1126 igitur
708 1043 871 1106 occasione
898 1041 970 1105 data
992 1040 1157 1106 Terentius
1184 1048 1293 1107 monet
1315 1062 1349 1109 se
1371 1063 1435 1108 non

268 1131 351 1196 ultro
379 1149 564 1214 aggressum
587 1149 668 1210 esse,
695 1131 749 1194 sed
773 1130 813 1194 ab
835 1131 1023 1194 adversariis
1045 1131 1225 1196 lacessitum
1248 1134 1437 1216 respondere

266 1220 316 1303 (ci.
340 1222 439 1284 Andr.
463 1219 539 1304 prol.
563 1239 592 1282 v.
613 1219 647 1302 l,
670 1219 785 1284 Heaut.
808 1221 885 1302 prol.
908 1240 937 1284 v.
957 1221 999 1284 33
1018 1220 1088 1304 sq),
1111 1240 1174 1305 qua
1193 1240 1226 1284 re
1244 1239 1279 1284 se
1296 1222 1437 1286 favorem

266 1311 375 1394 populi
399 1310 458 1374 sihi
482 1309 724 1373 conciliaturum
747 1327 815 1372 esse
838 1306 976 1394 sperati)

426 1397 546 1462 Verum
579 1399 618 1461 ad
648 1397 694 1480 id,
726 1398 811 1461 unde
839 1398 985 1481 degressa
1012 1405 1058 1462 est
1087 1400 1200 1482 oratio,
1231 1406 1436 1464 revertamur.

267 1485 424 1563 Quaerere
457 1488 603 1571 deinceps
635 1493 769 1571 oportet,
802 1506 939 1571 quonam
973 1488 1066 1552 modo
1094 1489 1266 1552 adversarii
1292 1488 1437 1553 Terentio

267 1577 392 1660 singula
414 1577 547 1641 crimina
570 1574 836 1661 exprobraverint.

355 1665 425 1742 Qua
440 1668 472 1728 in
490 1668 673 1750 quaestione
689 1666 773 1750 quod
789 1667 999 1729 certissimum
1017 1672 1073 1746 est,
1088 1666 1257 1732 exhibetur
1272 1668 1304 1729 in
1321 1667 1436 1734 Heaut.

169 1779 172 1783 ·
264 1755 342 1840 prol.
371 1756 471 1838 (ulii
496 1757 569 1838 sq.):
599 1754 699 1837 „Nam
723 1755 806 1838 quod
831 1774 1002 1820 rumores
1026 1752 1264 1820 distulerunt
1286 1757 1437 1839 malivoli,

426 1843 542 1908 Multas
565 1845 795 1908 contaminasse
819 1839 971 1908 Graecas‘
995 1864 1040 1929 sq.

354 1932 424 1996 Non
449 1933 547 2016 igitur
568 1933 671 2017 palam
695 1937 728 1995 in
751 1933 899 2016 prologis,
922 1934 978 1996 sed
995 1952 1052 2018 per
1070 1953 1213 1998 rumores
1231 1936 1265 1997 in
1284 1937 1433 1999 sermoni·

208 2060 215 2070 -
266 2021 326 2086 hus
344 2021 511 2086 cotidianis
529 2021 701 2086 adversarii
718 2020 899 2086 Terentium
919 2023 1195 2105 reprehenderunt,
1214 2025 1299 2108 quod
1314 2023 1431 2088 fabulas

265 2111 516 2176 contaminasset

268 2203 271 2208 '
355 2201 384 2264 2.
416 2197 539 2264 Deinde
554 2218 596 2264 ex
613 2199 714 2263 trihus
732 2201 857 2285 prioris
863 2201 988 2283 generis
1007 2201 1054 2284 (cf.
1074 2221 1103 2284 p.
1124 2200 1165 2264 63
1182 2199 1241 2286 sq.)
1256 2202 1333 2264 locis
1351 2203 1438 2266 inter

268 2307 302 2352 se
326 2288 447 2354 coDatis
469 2288 529 2352 hoc
552 2287 633 2353 effici
656 2308 749 2372 posse
771 2288 919 2355 arbitror:

352 2375 393 2440 In
421 2377 553 2462 Adelph.
581 2379 659 2462 prol.
687 2379 727 2460 (v.
751 2381 772 2441 4
800 2379 879 2463 sqq.)
907 2399 925 2442 a
953 2380 1084 2444 crimine
1111 2378 1201 2460 furti,
1229 2379 1313 2462 quod
1342 2381 1437 2462 paulo

264 2473 337 2531 ante
360 2465 493 2532 Luscius
516 2468 546 2530 ei
569 2467 736 2552 opprobrio
759 2468 896 2549 dederat,
919 2487 953 2532 se
976 2467 1123 2532 defendit.
1169 2468 1307 2552 Adelphi
1330 2472 1436 2532 autern

263 2555 371 2620 fabula
394 2576 467 2620 cum
490 2557 629 2641 primum
652 2563 807 2640 ageretur,
830 2557 950 2620 nemini
972 2557 1011 2619 ad
1031 2557 1064 2620 id
1082 2562 1207 2640 tempus
1225 2563 1301 2621 neta
1319 2557 1435 2638 erat¹⁰l

265 2645 364 2709 Poeta
386 2651 490 2710 tamen
515 2665 587 2708 cum
612 2646 730 2726 timeat,
753 2665 793 2709 ne
812 2647 870 2709 hac
890 2663 1017 2729 quoque
1035 2647 1068 2709 in
1087 2645 1194 2710 fabula
1211 2645 1334 2710 furtum
1351 2664 1434 2710 com-

264 2735 397 2797 missum
421 2752 490 2798 esse
509 2734 680 2798 adversarii
700 2733 813 2816 dicant,
836 2734 875 2798 de
893 2753 928 2798 se
945 2735 1013 2818 ipse
1030 2735 1147 2798 indicio
1166 2740 1222 2816 est,
1245 2739 1432 2819 spectatores

262 2822 383 2886 iudices
405 2822 479 2885 iacit
502 2823 545 2904 (v.
564 2822 598 2906 4)
622 2824 796 2907 incipitque
819 2824 874 2886 ita:

310 2910 351 2993 (v.
372 2912 402 2993 6)
427 2910 774 2995 „Synapothnescontes
797 2909 917 2996 Diphili
940 2913 1143 2976 comoediast:

425 3000 505 3064 Eam
529 2999 771 3066 Commorientis
794 3001 928 3066 Plautus
950 3000 1024 3065 fecit
1045 3001 1194 3066 fabulam.

423 3089 463 3153 In
487 3090 608 3155 Graeca
630 3091 816 3155 adulescens
840 3097 896 3171 est,
919 3091 974 3175 qui
998 3091 1105 3154 lenoni
1128 3091 1221 3174 eripit

424 3178 620 3243 Meretricem
644 3182 677 3243 in
701 3181 803 3263 prima
824 3179 945 3243 fabula:
970 3199 1045 3244 eum
1068 3179 1202 3243 Plautus
1224 3178 1329 3242 locum

423 3266 564 3352 Reliquit
586 3270 756 3353 integrum.
780 3287 853 3333 eum
875 3270 926 3332 hic
949 3270 1054 3332 locum
1077 3270 1212 3352 sumpsit
1234 3267 1295 3332 sibi

424 3356 462 3420 In
487 3357 657 3441 Adelphos
679 3358 813 3422 verbum
837 3359 876 3421 de
898 3357 995 3422 verbo
1019 3377 1202 3441 expressum
1228 3357 1367 3421 extulit‘.

264 3444 334 3521 Qua
349 3465 391 3510 ex
405 3448 585 3510 narratione
601 3465 710 3512 omnes
725 3453 921 3532 spectatores
939 3448 1015 3530 quid
1030 3447 1194 3511 Terentius
1211 3447 1269 3512 hac
1284 3448 1317 3509 in
1330 3444 1438 3509 fabula

264 3534 459 3600 conficienda
477 3535 610 3617 fecisset,
629 3538 863 3601 accuratissime
881 3542 1110 3620 compererunt,
1128 3539 1172 3599 ita
1191 3542 1227 3600 ut
1241 3536 1301 3620 ipsi
1316 3535 1436 3598 iudices

263 3643 331 3688 esse
353 3629 490 3709 possent.
537 3623 624 3700 Quos
648 3627 836 3690 sententiam
859 3631 895 3691 ut
917 3625 1028 3706 ferant,
1051 3632 1142 3708 poeta
1165 3627 1279 3690 invitat
1302 3625 1343 3708 (v.
1370 3623 1436 3704 12):

423 3713 623 3796 „Pernoscite
691 3715 866 3779 Furtumne
888 3714 1006 3778 iactum
1031 3714 1247 3778 existumatis“
1271 3734 1316 3796 sq.

353 3801 451 3866 Plane
469 3804 616 3868 similiter
632 3824 683 3868 res
702 3823 736 3869 se
755 3804 849 3868 habet
866 3805 899 3866 in
918 3802 1066 3866 Eunuchi
1085 3803 1213 3887 prologo
1232 3806 1272 3882 (v.
1287 3803 1327 3866 19
1346 3799 1437 3884 sqq-l.

263 3891 408 3954 Primum
432 3892 508 3975 quid
531 3891 666 3958 Luscius
689 3893 750 3957 sihi
773 3895 898 3957 crimini
922 3892 1051 3973 dederit,
1080 3893 1219 3976 exponit,
1248 3898 1317 3956 tum
1341 3891 1437 3971 addit,

262 3983 288 4044 si
317 3983 523 4066 peccavisset,
550 3984 752 4066 inprudentia
774 4002 808 4046 se
831 3983 1017 4066 peccavisse.
1066 3979 1187 4044 Deinde
1211 3983 1325 4046 iterum
1349 3997 1436 4064 spec·

142 4131 145 4142 ,
262 4075 378 4133 tutores
401 4070 522 4135 iudices
543 4071 618 4136 facit
641 4073 681 4154 (v.
701 4071 772 4154 29):

352 4192 373 4260 ⁹)
392 4192 520 4248 Similiter
537 4193 618 4248 Fabia
634 4193 652 4248 l.
672 4209 693 4247 e.
712 4209 733 4248 s.
752 4209 778 4262 p.
797 4191 858 4249 238.

352 4263 383 4334 1⁸)
403 4264 437 4318 cf.
457 4280 538 4333 supra
556 4281 580 4334 p.
600 4265 635 4318 20
654 4265 713 4318 adn.
734 4265 776 4320 38.
