3280 5048
726 290 943 355 ...76-

251 485 328 532 οεεο.
374 467 443 532 Hoc
465 469 492 532 si
510 469 555 533 ita
573 473 629 551 est,
652 470 804 552 sequitur,
827 475 863 532 ut
881 475 990 554 poetae
1007 469 1077 553 ipsi,
1100 488 1164 534 non
1183 487 1239 552 per
1257 469 1420 533 dominum

250 557 368 640 gregis,
394 557 544 622 ludorum
566 557 764 622 curatoribus
787 557 910 622 tabulas
932 577 1006 622 suas
1029 558 1209 622 obtulerint
1255 558 1317 626 Sed
1340 557 1423 622 hanc

251 646 438 710 sententiam
461 646 573 710 falsam
597 665 665 712 esse
683 648 747 710 iam
766 645 1006 727 Kirchuernsllt
1030 647 1264 712 demonstravit.
1310 645 1423 729 Neque

251 735 336 798 enim
369 754 410 800 ex
432 735 545 802 Horati
578 735 682 800 verbis
714 742 857 820 apertum
888 735 957 800 fieri
989 742 1113 819 poetam
1143 735 1183 800 de
1204 735 1321 800 fabulis
1343 738 1423 800 reci-

251 825 364 900 tandis,
398 844 480 908 quae
502 825 685 888 recitatione
707 824 857 909 probatae
873 824 923 888 ad
948 827 1104 888 actionem
1127 827 1304 890 scaenicum
1328 825 1423 889 desti-

251 919 412 996 narentur,
428 915 624 999 cogitavisse,
643 916 740 978 immo
758 915 835 999 ipsis
852 909 1017 997 particulis
1036 915 1236 979 disiunctivis
1254 915 1422 995 „uec-neo“

251 1002 310 1066 hoc
333 1003 441 1067 vetari.
486 1003 671 1067 Sermonem
695 1004 792 1086 igitur
815 1021 883 1067 esse
907 1004 1039 1067 minime
1061 1002 1100 1068 de
1122 1002 1239 1067 fabulis
1262 1004 1423 1083 scaenicis,

252 1091 308 1156 sed
332 1091 370 1154 de
393 1093 463 1155 aliis
482 1098 661 1175 poematum
685 1089 865 1176 generibus,
890 1111 971 1175 quae
994 1097 1138 1176 poemata
1160 1097 1270 1176 poetae
1294 1092 1423 1176 quidam

251 1181 431 1260 recitarent,
458 1182 595 1264 utquid
622 1180 726 1266 Tarpa
749 1181 915 1265 iudicaret,
948 1183 1164 1265 comperirent.
1211 1179 1422 1256 Quamobrem

252 1270 393 1332 scholion
412 1268 640 1354 Gruquianum,
664 1272 781 1354 quippe
804 1270 888 1355 quod
911 1272 988 1354 ipsis
1006 1267 1118 1334 Horati
1136 1269 1242 1334 verbis
1260 1275 1423 1354 repugnet,

252 1362 337 1440 patet
360 1377 429 1422 esse
452 1361 654 1424 reiciendum.

286 1493 288 1500 1
341 1447 454 1531 Neque
481 1450 581 1513 multo
609 1450 698 1513 aliter
726 1454 774 1512 est
799 1449 1006 1512 iudicandum
1034 1450 1073 1513 de
1101 1450 1162 1513 alio
1187 1449 1269 1529 loco,
1297 1467 1360 1531 quo
1384 1447 1423 1512 de

252 1535 353 1619 Tarpa
381 1537 556 1601 litterarum
583 1538 687 1602 iudice
711 1537 806 1602 verba
828 1538 919 1602 fiunt.
965 1537 1073 1602 Refert
1095 1539 1180 1603 enim
1204 1536 1312 1601 Cicero
1335 1541 1423 1621 epist

252 1625 292 1688 ad
319 1625 391 1690 iam
416 1627 480 1690 Vll
505 1629 521 1690 1
553 1628 592 1691 de
618 1628 717 1709 ludis,
745 1646 825 1710 quos
853 1628 1022 1711 Pompeius
1050 1627 1207 1692 theatrum
1231 1621 1326 1690 suum
1349 1645 1423 1690 oon·

251 1724 431 1780 secreturus
459 1737 542 1780 anno
566 1737 592 1780 a.
616 1737 646 1780 u.
670 1737 697 1782 c.
721 1716 786 1780 699
813 1717 925 1798 edidit,
953 1717 1043 1782 haee:
1074 1717 1183 1798 „nobis
1206 1721 1312 1780 autem
1336 1719 1426 1778 erant

253 1823 290 1867 ea
321 1806 536 1888 perpetienda,
568 1825 650 1889 quae
681 1807 733 1889 Sp.
757 1805 897 1870 Maenius
929 1806 1141 1890 probaverat‘.
1192 1805 1253 1869 Sed
1286 1805 1424 1888 primum
1497 1850 1503 1860 .

252 1894 327 1956 colis
356 1893 394 1956 de
421 1895 506 1958 ludis
529 1894 670 1978 Pompeii
698 1914 800 1959 sermo
829 1902 883 1959 est.
930 1893 1051 1959 Deinde
1079 1913 1119 1959 ne
1147 1913 1189 1959 ex
1215 1894 1273 1958 hac
1296 1894 1424 1978 quidem

252 2001 295 2062 re,
319 1983 403 2065 quod
427 1982 527 2066 Tarpa
549 1983 674 2048 fabulas
695 1985 898 2064 examinavit,
921 1983 1056 2048 efficitur
1079 1990 1186 2068 poetas
1204 1985 1288 2067 ipsos
1306 1982 1425 2066 Tarpae

252 2070 375 2134 fabulas
398 2090 473 2136 suas
496 2073 655 2137 obtulisse.
694 2071 822 2136 Etenim
843 2074 899 2136 illa
921 2091 1049 2157 quoque
1071 2079 1172 2137 aetate
1194 2072 1294 2137 nihilo
1316 2073 1424 2138 minus

252 2159 322 2224 fieri
348 2163 465 2245 potuit,
492 2168 528 2225 ut
556 2162 704 2226 dominus
730 2164 835 2246 gregis
862 2162 985 2226 tabulas
1012 2183 1030 2225 a
1057 2163 1157 2246 poetis
1186 2166 1316 2242 emeret,
1344 2180 1424 2244 quos

253 2255 336 2331 tum,
363 2269 436 2313 cnm
465 2251 532 2314 ludi
557 2251 740 2336 Pompeiani
769 2251 942 2334 instabant,
969 2252 1118 2315 ludorum
1147 2251 1262 2315 obtulit
1288 2251 1424 2314 curatori

253 2345 308 2402 aut
331 2341 368 2420 ei,
392 2341 444 2404 cui
467 2341 519 2404 hic
541 2341 664 2405 fabulas
686 2341 847 2425 eligendas
872 2348 1075 2406 concesserat.

341 2432 371 2493 4.
396 2427 541 2513 Denique
564 2431 603 2495 ad
627 2432 717 2513 hanc,
748 2450 846 2514 quam
866 2429 977 2494 falsam
1001 2449 1069 2495 esse
1092 2448 1215 2511 censeo,
1238 2429 1424 2494 sententiam

253 2518 400 2582 accedere
432 2523 544 2603 possit,
576 2523 632 2604 qui
664 2539 771 2584 rerum
804 2519 995 2584 Graecarum
1027 2521 1243 2584 scaenioarum
1271 2519 1424 2582 rationem

200 2680 202 2685 ¹
252 2606 368 2670 habere
392 2609 534 2673 voluerit.
580 2611 676 2694 Apud
702 2608 837 2673 Graecos
861 2611 946 2672 enim
968 2614 1078 2694 poetae
1100 2610 1162 2692 ipsi
1184 2608 1321 2688 fabulas,
1345 2626 1425 2689 quas

253 2697 287 2758 iu
306 2697 427 2759 theatro
446 2699 496 2778 agi
513 2700 655 2781 cupiunt,
673 2699 712 2762 ad
729 2700 902 2781 archontes,
921 2699 1068 2762 ludorum
1085 2703 1254 2778 ornatores,
1272 2697 1425 2760 deferunt
1466 2695 1469 2702 '

255 2783 317 2859 Qui
339 2785 472 2849 traditas
495 2786 607 2870 legunt
629 2793 660 2850 et
683 2789 875 2868 examinant,
898 2788 1020 2870 eligunt
1038 2788 1159 2870 dignas,
1182 2805 1263 2869 quae
1282 2791 1426 2868 agantur,

254 2882 285 2936 et
311 2875 410 2957 poetis
438 2876 588 2959 choregos
616 2883 702 2940 sorte·
728 2882 849 2940 creatos
876 2877 1069 2952 tribuunt.⁸⁸t
1116 2874 1219 2951 Quam
1247 2893 1313 2938 rem
1341 2874 1425 2957 apud

253 2962 412 3028 Romanos
447 2965 581 3030 similem
615 2965 712 3030 fuisse
746 2985 819 3029 cum
855 2985 895 3030 ue
933 2986 1018 3030 unus
1050 2966 1176 3049 quidem
1210 2963 1425 3026 Romanorum

254 3055 386 3137 scriptor
409 3059 500 3120 vetus
524 3055 635 3138 tradat,
664 3074 704 3120 ne
728 3075 769 3118 ex
791 3057 850 3119 hac
874 3056 1002 3139 quidem
1025 3074 1059 3118 re
1082 3055 1254 3137 quicquam
1277 3053 1426 3142 colligen-

254 3142 331 3205 dum
353 3148 408 3208 est

343 3231 441 3298 Nullo
472 3235 583 3317 igitur,
615 3239 651 3298 ut
685 3234 960 3318 comprehendam,
985 3233 1054 3297 loco
1077 3232 1254 3296 necessario
1282 3229 1427 3310 eflicitur,

256 3325 292 3384 ut
319 3327 410 3404 poeta
437 3325 514 3406 ipsis
542 3344 616 3386 oum
638 3323 787 3386 ludorum
810 3322 1008 3386 curatoribus
1031 3326 1227 3386 contractum
1250 3319 1289 3383 de
1311 3318 1428 3382 fabulis

255 3410 428 3474 vendendis
444 3413 559 3476 fecerit.
592 3410 697 3487 Quare
714 3413 965 3476 intercesseritne
982 3413 1111 3475 omnino
1123 3412 1287 3494 negotium
1299 3408 1427 3491 aliquod

253 3501 336 3562 iuter
351 3506 476 3584 poetam
492 3506 523 3565 et
538 3501 654 3565 aediles
670 3520 779 3583 necue,
798 3500 1021 3565 difficillimum
1036 3506 1084 3564 est
1099 3499 1280 3563 diiudicare.
1312 3497 1429 3560 Contra

254 3607 296 3651 ex
321 3591 431 3654 multis
458 3592 535 3655 locis
564 3591 732 3654 didicimus
760 3595 884 3674 poetam
913 3611 987 3654 cum
1015 3591 1143 3653 domino
1165 3589 1270 3672 gregis
1294 3587 1427 3670 negotiis

253 3680 460 3743 coniunctum
492 3681 597 3744 fnisse.
649 3679 719 3743 Hoc
750 3681 846 3762 igitur
877 3699 934 3764 pro
967 3679 1139 3742 certissimo
1173 3675 1354 3741 habendum
1381 3680 1428 3738 est

254 3787 321 3831 eam
348 3771 510 3850 rationem,
535 3771 572 3834 de
596 3790 660 3854 qua
682 3770 847 3853 permultis
867 3769 945 3832 locis
963 3771 1133 3832 memoriae
1151 3767 1294 3844 traditur,
1317 3767 1428 3829 sinon

254 3876 389 3941 semper,
422 3867 558 3924 attamen
590 3861 777 3943 plerumque
809 3878 871 3921 usu
899 3859 1031 3921 venisse.
1076 3855 1154 3920 Huc
1182 3855 1315 3934 accedit,
1344 3852 1428 3937 quod

254 3948 370 4011 aediles
394 3967 467 4011 oum
490 3950 567 4032 ipsis
589 3951 690 4033 poetis
713 3949 752 4011 de
775 3947 891 4011 fabulis
914 3947 1055 4011 emendis
1074 3945 1250 4009 vendendis
1269 3947 1371 4027 egisse
1390 3959 1430 4004 ne

345 4088 377 4156 ⁸⁷)
397 4106 422 4142 v.
441 4089 586 4172 Kirohneri
603 4089 645 4144 ed.
663 4088 729 4143 Hor.
748 4103 829 4142 serm.
848 4087 877 4142 II
897 4088 909 4139 1
930 4104 955 4156 p.
973 4089 1026 4142 353
1045 4102 1102 4170 sqq.
1123 4086 1204 4156 (Lips.
1227 4084 1361 4154 laceror).

346 4160 377 4228 ⁸⁸)
398 4160 563 4214 Oehmrchen
582 4161 598 4214 l.
619 4176 639 4214 s.
659 4176 681 4213 ε.
701 4161 717 4226 ᾖ
738 4159 771 4212 19
791 4160 819 4212 et
837 4159 853 4226 ξ
872 4158 915 4212 22.
935 4188 968 4199 -
988 4161 1019 4212 A.
1039 4157 1150 4212 Muller:
1171 4157 1221 4224 „K
1236 4157 1263 4210 F.
1277 4155 1430 4210 Hermanus

253 4232 352 4302 griaeh.
371 4233 576 4302 Antiquitaten‘⁴
596 4231 671 4285 1112
692 4247 716 4302 p.
736 4230 789 4288 330
808 4246 864 4299 sqq.
885 4232 955 4300 etp.
976 4230 1028 4285 350
1047 4245 1086 4298 sq.
