3280 5048
654 363 874 427 ..37-

174 544 322 628 potuerit,
345 561 404 608 nos
427 542 601 606 diiudicare
619 560 683 605 non
702 559 880 626 possumus.
911 537 1123 618 Quamobrem
1143 544 1202 606 boc
1222 561 1349 627 quoque

175 638 362 717 argumento
386 631 602 695 desistendum
624 635 679 695 est.

265 719 325 786 111.
370 720 461 800 Τιιιιι,
484 721 566 784 dicat
589 721 670 804 quis,
693 719 720 783 si
743 719 908 804 Adelphos
930 725 1004 784 anta
1022 720 1183 802 Hecyram
1206 719 1262 803 (ΙΙ)
1281 725 1350 785 acta

174 815 269 891 esset,
302 809 408 890 verba,
443 827 525 893 quae
559 810 591 872 in
627 809 807 873 didascaliis
830 815 861 872 et
888 809 972 894 apud
1005 807 1168 874 Donatum
1194 810 1347 893 legimus:

178 899 323 982 „Hecyra
344 897 426 963 facta
449 905 497 962 cst
521 897 612 980 V“⁸¹)
639 898 781 981 intellegi
810 899 939 962 omnino
968 917 1032 962 non
1055 904 1197 982 possunt.
1242 898 1287 962 At
1310 916 1350 963 ne

176 993 246 1052 tum
269 988 399 1072 quidem
416 987 443 1052 si
461 987 621 1069 Hecyram
640 985 695 1068 (II)
714 993 787 1050 ante
806 987 967 1072 Adelphos
985 993 1089 1052 aotam
1106 1006 1175 1052 esse
1192 992 1350 1072 putamus,

88 1137 93 1143 .
176 1078 318 1161 intellegi
340 1079 417 1141 baec
439 1076 536 1140 verba
557 1082 700 1162 possunt.
747 1074 861 1160 Neque
884 1078 969 1140 enim
991 1097 1050 1141 our
1074 1077 1170 1141 buius
1193 1077 1351 1142 secundae

175 1165 321 1248 Hecyrae
343 1167 475 1230 actionis
501 1164 636 1229 infelicis
667 1165 747 1230 ratio
774 1164 882 1229 habita
908 1167 950 1230 sit
983 1203 1028 1214 -
1059 1185 1123 1229 non
1153 1170 1209 1231 aut
1231 1167 1351 1250 primae

175 1257 305 1320 cmnIno
333 1255 465 1320 actionis
493 1259 548 1318 aut
574 1257 695 1339 primae
721 1249 824 1318 felicis
851 1256 983 1319 actionis
1008 1293 1063 1337 -‚
1091 1256 1152 1320 riri
1181 1256 1265 1320 docti
1293 1273 1351 1318 ex-

174 1345 292 1428 plicare
313 1342 498 1428 possunt.⁸¹)
544 1343 677 1407 Numeri
702 1343 836 1426 singulis
854 1343 970 1408 fabulis
993 1345 1028 1406 in
1051 1344 1228 1409 didascaliis
1251 1343 1350 1408 additi

176 1453 238 1498 non
263 1434 402 1497 multum
425 1433 530 1497 valere
552 1433 630 1496 mihi
653 1432 811 1495 videntur.
857 1431 938 1495 Cum
962 1434 1047 1495 enim
1070 1452 1134 1515 eae,
1157 1453 1237 1517 quas
1255 1433 1349 1497 habe·

174 1542 262 1602 mus,
304 1522 491 1586 didascaliae
530 1521 570 1584 ad
603 1520 728 1584 Terenti
761 1520 885 1584 fabulas
918 1526 1094 1606 spectantes
1128 1526 1268 1604 tempore
1305 1523 1351 1585 rei

177 1609 322 1694 publicae
348 1610 465 1673 liberae
492 1613 643 1690 exeunte,
670 1608 801 1672 fortasse
826 1629 845 1672 a
868 1607 909 1671 Μ.
927 1607 1072 1673 Terentio
1092 1609 1244 1692 Varrone,
1266 1629 1350 1673 com·

177 1699 298 1784 positae
321 1716 389 1762 esse
414 1697 589 1780 videantur,
607 1697 778 1762 verleimile
800 1702 849 1761 est
871 1716 948 1762 eum
967 1701 1218 1782 grammaticum,
1243 1700 1351 1782 quiin

178 1807 230 1852 res
252 1787 293 1851 ad
315 1786 495 1850 fabularum
512 1785 772 1852 Terentianarum
791 1789 929 1851 actiones
947 1787 1140 1871 pertinentes
1163 1787 1351 1871 inquirebat,

178 1876 283 1941 solum
305 1876 337 1940 id
361 1877 569 1961 perscrIptum
592 1876 752 1940 invenisse
775 1880 806 1938 et
824 1875 987 1960 Adelphos
1005 1881 1037 1942 st
1055 1875 1215 1956 Hecyram
1234 1877 1351 1941 eisdem

94 2013 97 2018 .
176 1966 262 2030 ludis
284 1964 472 2030 funebribus
494 1964 528 2029 L.
552 1965 670 2029 Aemili
693 1964 799 2028 Paulli
827 1970 912 2028 actas
934 1983 1017 2048 esse,
1039 1983 1144 2049 neque
1167 1984 1257 2047 vero,
1280 1971 1352 2030 utra

175 2057 275 2140 prior,
309 2059 381 2118 utra
414 2056 568 2138 posterior
601 2055 727 2134 fuisset,
768 2053 891 2138 legisse.
950 2051 1162 2130 Quamobrem
1195 2073 1237 2118 nc
1277 2056 1352 2119 buio

177 2144 306 2228 quidem
328 2144 508 2208 testimonio
531 2162 679 2225 magnam
701 2141 799 2207 fidem
820 2143 998 2207 habendam
1021 2161 1090 2208 esse
1112 2150 1199 2228 puto.

265 2233 322 2297 IV.
345 2233 395 2297 Ne
417 2233 492 2297 inde
521 2233 650 2316 quidem
673 2233 758 2317 quod
781 2230 928 2314 Hecyrae
941 2233 1100 2317 'prologus
1123 2233 1203 2296 alter
1224 2233 1264 2297 ab
1283 2235 1351 2316 ipso

177 2320 330 2386 Ambivio
353 2324 576 2405 pronuntiatus
599 2327 655 2403 est,
678 2320 761 2385 effici
783 2320 945 2403 Hecyram
968 2321 1021 2404 (ll)
1043 2323 1138 2386 modo
1162 2322 1204 2406 (b.
1229 2341 1255 2387 e.
1282 2329 1352 2406 post

178 2410 351 2492 Adelphos)
374 2411 490 2474 iterum
513 2416 657 2474 exactam
680 2429 748 2473 esee
766 2429 863 2494 supra
886 2412 936 2492 (of.
948 2432 977 2496 p.
992 2412 1046 2493 12)
1069 2413 1222 2490 vidimus3
1247 2429 1352 2495 neque

179 2503 264 2562 enim
286 2500 393 2562 minus
421 2501 551 2582 cogitari
579 2503 682 2583 potest
703 2498 885 2564 Terentium
912 2501 997 2564 bunc
1025 2501 1191 2585 prologum
1217 2500 1351 2564 obeam

178 2606 246 2651 rem
270 2587 418 2652 Ambivio
437 2588 707 2672 pronuntiandum
726 2589 859 2671 dedisse,
878 2591 963 2674 quod
987 2609 1033 2670 ea,
1057 2609 1154 2673 quam
1171 2595 1240 2652 turn
1257 2608 1351 2672 agen·
1475 2636 1478 2642 .

179 2677 253 2740 dam
275 2676 414 2759 curabat,
436 2677 544 2740 fabula
567 2685 660 2742 antea
683 2715 725 2726 -
749 2697 814 2743 non
836 2679 931 2744 modo
957 2715 995 2727 -
1020 2679 1070 2742 bis
1093 2690 1205 2744 exacta
1228 2685 1302 2744 erat

268 2765 306 2830 V.
341 2765 402 2830 His
425 2766 572 2831 omnibus
604 2770 800 2850 argumentis
827 2769 951 2832 reiectis
978 2788 1081 2832 unum
1108 2773 1224 2849 restat,
1257 2775 1294 2832 ut
1322 2775 1353 2832 et

178 2855 344 2939 Adelpbon
368 2864 400 2919 et
422 2855 569 2937 Hecyrae
595 2859 734 2940 priorem
762 2858 929 2941 prologum
956 2857 1075 2921 iudicio
1104 2877 1168 2920 ncn
1199 2862 1351 2942 occupato

178 2947 405 3008 examinemus.
456 2944 569 3028 Neque
604 2964 680 3008 vero
715 2946 873 3030 quomodo
908 2947 1002 3010 verba
1029 2949 1283 3030 interpretemur,
1318 2948 1351 3010 id

180 3035 265 3115 quod
289 3034 370 3096 alius
394 3033 484 3096 aliter
506 3034 594 3114 facit,
630 3037 808 3118 quaeritur3
843 3035 897 3098 sed
933 3036 1019 3100 aliud
1049 3035 1201 3120 quiddam
1227 3038 1353 3118 insigne

179 3123 450 3206 conspicuumque
473 3127 532 3185 est:
556 3127 633 3206 puto
656 3121 803 3205 Hecyrae
826 3125 964 3207 priorem
986 3125 1153 3208 prologum
1177 3125 1257 3187 nibil
1280 3143 1352 3188 ccc·

177 3211 278 3275 tinere
306 3212 369 3273 nisi
397 3215 466 3275 octo
501 3230 626 3293 versus,
660 3212 694 3274 id
729 3213 813 3297 quod
846 3213 886 3278 ab
914 3213 1062 3280 omnibus
1092 3215 1205 3279 ceteris
1227 3213 1353 3278 Terenti

177 3299 316 3384 prologis
339 3319 468 3384 prorsus
491 3307 539 3364 est
561 3301 710 3365 alienum.
756 3301 826 3366 Hoc
845 3322 919 3366 oum
941 3306 1026 3367 viros
1046 3303 1155 3368 doctos
1173 3303 1354 3386 offenderet,

178 3389 212 3450 bi
234 3390 290 3450 vili
313 3388 434 3453 medela
457 3396 608 3475 usurpata
626 3391 775 3455 lacunam
798 3396 986 3456 statuerunt.
1031 3393 1085 3456 Ad
1108 3393 1189 3458 hanc
1212 3398 1353 3458 statuen-

155 3476 254 3540 dam
277 3479 331 3561 qui
357 3479 481 3578 primus
508 3481 761 3562 recentiorum⁸ll
797 3483 944 3563 accessit,
977 3482 1073 3546 buius
1109 3483 1229 3567 prologi
1257 3483 1354 3548 verba

269 3652 301 3720 ⁸¹)
320 3653 441 3708 Donatus
459 3655 569 3724 praebet
587 3656 615 3708 in
633 3655 701 3712 Hcc.
720 3657 819 3725 praet:
844 3696 860 3724 ‚‚
881 3699 887 3711 .
907 3699 912 3710 .
932 3698 938 3710 .
957 3658 1014 3711 tota
1037 3658 1139 3712 Graeca
1156 3659 1205 3724 est,
1229 3657 1353 3726 iactaque

179 3726 207 3777 et
225 3723 296 3778 edita
315 3725 407 3795 quinto
425 3725 508 3780 loco“.

268 3794 301 3861 ⁸¹)
320 3797 356 3850 ci.
375 3797 505 3852 Ritscheli
523 3800 665 3853 comment.
685 3798 714 3851 in
726 3798 799 3853 Suet.
818 3798 900 3853 vitam
912 3799 971 3854 Ter.
992 3798 1211 3860 (Reiiiemcheidi
1224 3799 1265 3852 ed.
1279 3799 1352 3853 Suet.

179 3865 237 3919 rell.
256 3883 280 3935 p.
302 3868 374 3934 501).
395 3899 428 3908 —
446 3869 586 3923 Dziatzko:
605 3869 674 3924 llus.
688 3871 774 3924 Rben.
787 3886 848 3924 nov.
866 3871 938 3926 XXI
951 3888 975 3940 p.
990 3871 1033 3938 86,
1047 3869 1173 3924 XXXIX
1186 3887 1210 3938 p.
1230 3870 1282 3925 339
1296 3885 1352 3939 sqq.

179 3936 287 3992 Phorm.
306 3938 398 4008 ed.¹p.
420 3941 461 3995 13.
481 3940 594 4008 Adelph.
614 3942 656 3994 ed.
675 3958 699 4010 p.
712 3941 755 3995 91.
776 3972 809 3980 -
828 3943 963 3996 Amdohr:
986 3943 1049 3996 diss.
1069 3942 1156 4010 inaug.
1176 3941 1266 4008 (,Prol.
1286 3941 1353 3996 Heo.

177 4007 284 4063 Terent.
303 4026 414 4080 gramm.
434 4011 493 4066 erit.
512 4011 574 4064 hist.
589 4012 691 4066 ratione
705 4015 919 4081 pertractantur.
939 4012 1109 4068 Franccfurti
1122 4013 1156 4066 ad
1168 4012 1258 4066 Viadr.
1273 4013 1353 4068 1873]

162 4096 203 4148 p.
222 4079 257 4134 29
270 4096 309 4150 sq.
330 4111 362 4121 -
382 4080 564 4135 Wilmnnsl.
578 4082 595 4135 l.
609 4099 634 4152 p.
648 4085 681 4138 47
695 4099 752 4152 sqq.
773 4113 803 4124 -
825 4086 943 4140 Karsten
954 4084 973 4138 l.
987 4100 1008 4138 s.
1021 4099 1042 4138 s.
1056 4100 1081 4152 p.
1097 4083 1148 4138 178
1160 4099 1217 4152 sqq.
1237 4113 1271 4124 ·—
1284 4085 1354 4139 Leo:

177 4149 246 4276 endu}
266 4152 352 4278 Rlpqn.
371 4168 434 4277 nc2v.
453 4152 607 4207 XXXVIII
625 4171 650 4222 p.
670 4155 721 4208 317
741 4170 798 4224 sqq.
823 4157 911 4226 (impr.
925 4172 950 4225 p.
963 4155 1036 4222 324).
1056 4184 1090 4194 -
1110 4154 1225 4209 Hauler:
1245 4154 1353 4210 Phorm.

214 4261 220 4276 .
253 4240 278 4292 p.
352 4242 379 4277 ιι.
419 4267 424 4277 .

268 4293 300 4363 ⁸¹)
320 4295 400 4349 lhne:
420 4296 521 4364 quaest.
541 4295 646 4352 Terent.
666 4296 728 4350 diss.
752 4296 840 4367 inaug.
863 4299 949 4353 Bonn.
975 4296 1044 4353 1843
1069 4298 1163 4368 (thesis
1183 4298 1235 4368 16).
1255 4329 1289 4342 -
1313 4297 1355 4352 Ita
