3280 5048
782 365 1001 434 ..1ss-

190 533 193 540 ¹
305 549 449 631 efficitur,
472 554 508 612 ut
531 568 571 612 ne
594 549 626 611 hi
651 549 787 632 quidem,
812 550 887 632 quid
913 548 1043 629 ,tabulas
1066 549 1286 612 contaminare‘
1311 547 1474 631 significet,

307 659 409 722 usque
432 640 472 702 ad
494 638 573 702 illud
598 645 723 721 tempus
746 641 903 703 sciverint.
954 695 956 702 .

394 727 446 790 Ex
469 729 518 791 his
541 729 638 810 igitur
661 729 737 790 haec
761 727 942 790 didicimus:
1289 773 1292 781 -

395 816 418 880 I.
439 817 528 881 Solos
548 817 744 880 adversarios
764 817 803 880 de
821 815 944 880 Terenti
961 817 1081 880 ratione
1095 814 1274 883 fabularum
1289 835 1473 901 componen-

306 908 418 971 darum
442 906 471 972 h.
490 925 515 970 e.
536 905 717 969 fabularum
737 905 928 970 Graecarum
947 908 1098 985 in,unam
1116 903 1261 970 Latinam
1283 908 1474 990 coniungen-

306 998 418 1061 darum
441 995 575 1059 verbum
598 995 832 1060 contaminandi
857 997 1066 1079 usurpavisse.

394 1085 435 1148 II.
455 1083 574 1149 Contra·
588 1082 769 1150 Terentium
788 1084 906 1168 ubique
926 1090 1017 1148 caute
1035 1085 1164 1167 cavisse,
1187 1104 1228 1148 ne
1245 1084 1325 1148 illud
1344 1084 1474 1150 verbum

304 1174 474 1239 adhiberet.
893 1237 895 1242 ,

393 1263 452 1326 Ill.
470 1261 520 1328 Ne
538 1267 727 1347 spectatores
744 1264 881 1347 quidem,
901 1263 978 1347 quid
997 1263 1128 1345 ,tabulas
1144 1264 1366 1328 contaminare‘
1386 1272 1474 1347 esset,

306 1371 443 1418 servisse.

394 1442 483 1507 Haec
509 1461 583 1506 oum
610 1444 724 1506 animis
752 1443 908 1527 complexi
937 1444 1068 1524 erimus,
1099 1441 1176 1505 haec
1203 1442 1277 1506 inde
1304 1441 1385 1506 effici
1413 1464 1474 1508 non

307 1532 506 1616 negabimus:

397 1621 424 1688 1.
448 1626 484 1685 ut
511 1620 643 1684 verbum
677 1623 908 1703 ,contaminaret
939 1643 957 1684 a
984 1620 1108 1685 Terenti
1137 1621 1264 1684 demum
1292 1621 1476 1686 adversariis

306 1713 443 1795 primum
466 1712 505 1774 ed
529 1711 707 1774 fabularum
732 1712 1020 1795 componendarum
1044 1712 1196 1774 rationem
1221 1711 1354 1776 relatum
1378 1714 1426 1774 sit.

396 1802 424 1862 2.
449 1806 484 1864 ut
511 1801 570 1863 hoe
593 1799 725 1862 verbum
749 1801 834 1882 quod
857 1820 897 1864 ne
920 1798 1078 1882 adhibeat,
1104 1799 1268 1872 Terentius
1291 1801 1357 1884 ipse
1380 1808 1477 1882 cavet,

306 1909 370 1952 non
398 1889 493 1951 modo
521 1889 600 1951 nihil
628 1889 731 1952 laudis
758 1907 835 1972 pree
862 1908 895 1952 se
923 1889 1042 1970 tulerit,
1071 1890 1125 1953 sed
1153 1893 1315 1973 tamquam
1344 1891 1476 1952 convicii

306 1981 374 2042 loeo
398 1980 501 2041 fuerit.

397 2065 484 2142 Quae
513 2068 664 2150 quoniam
687 2068 730 2130 ita
753 2086 822 2130 esse
844 2066 1070 2148 intelleximus,
1098 2067 1195 2132 verba
1219 2068 1475 2150 ,tabulasoonta-

306 2158 445 2246 minaret
464 2157 512 2220 his
540 2157 617 2220 loeis
646 2157 725 2219 nihil
753 2156 840 2219 aliud
867 2155 1045 2240 significare
1070 2161 1204 2241 possunt
1232 2158 1294 2220 nisi
1322 2156 1478 2241 „polluere

307 2254 338 2310 et
360 2245 552 2326 foedare“.⁸⁰)

271 2400 272 2405 ,
395 2335 548 2418 Idemque
579 2336 644 2397 iam
673 2333 816 2400 Donatus
848 2335 927 2399 vidit
958 2335 998 2399 ad
1026 2335 1163 2400 eundem
1190 2337 1331 2400 Andriae
1358 2336 1478 2420 prologi

307 2444 434 2489 versum
464 2426 531 2508 (lli)
559 2424 691 2488 addens:
726 2424 874 2508 „Proprie
906 2425 1122 2489 contaminare
1154 2429 1202 2489 est
1232 2425 1380 2490 manibus
1413 2426 1479 2491 luto

305 2515 408 2598 plenis
440 2514 559 2598 aliquid
592 2515 762 2597 adtingere.
813 2513 855 2577 ut
887 2515 1100 2578 contaminare
1128 2519 1158 2578 et
1186 2514 1347 2598 adtingere
1375 2522 1422 2580 est
1449 2521 1480 2578 et

306 2604 472 2688 polluere“⁸
507 2603 595 2666 Haec
618 2609 722 2667 autem
743 2601 858 2666 Donati
878 2602 974 2666 verba
993 2605 1032 2668 ab
1052 2606 1106 2684 eie,
1130 2622 1211 2686 quae
1229 2623 1325 2688 supra
1343 2605 1480 2686 laudavi,

306 2695 437 2756 minime
456 2693 642 2777 discrepant,
661 2693 745 2776 quod
766 2691 901 2756 Grauert
918 2692 937 2754 l.
957 2712 980 2756 s.
1000 2713 1024 2756 s.
1042 2713 1071 2776 p.
1094 2694 1154 2756 121
1175 2699 1271 2777 putat.
1307 2693 1374 2756 lllis
1394 2696 1480 2757 enim

309 2782 412 2845 verbis
433 2777 524 2864 dicit,
552 2783 628 2866 quid
658 2785 698 2846 sit
724 2783 953 2864 ,contaminare‘
977 2782 1006 2844 h.
1027 2801 1052 2846 e.
1076 2783 1153 2866 quid
1176 2781 1340 2846 Terentius
1363 2782 1480 2859 feeerit,

308 2872 394 2955 quod
426 2871 598 2935 adversarii
630 2873 772 2934 convicio
805 2872 1040 2934 contaminandi
1073 2871 1255 2954 affecerunt;
1292 2871 1339 2934 his
1371 2873 1481 2933 contra

308 2960 413 3024 verbis
435 2962 573 3044 exponit,
598 2978 679 3044 quae
704 2963 751 3024 vis
774 2961 807 3023 in
833 2960 927 3025 verbo
951 2963 1186 3026 contaminandi
1209 2963 1284 3028 insit
1305 2959 1482 3025 seeundum

307 3050 582 3134 etymologiam.³¹)

398 3138 507 3202 Unum
534 3146 630 3204 restat
658 3145 693 3203 ut
720 3141 928 3224 explicemus:
953 3141 1119 3224 quomodo,
1148 3160 1222 3204 cum
1249 3137 1482 3220 ,contaminare‘

307 3230 557 3313 reprehensionis
576 3229 696 3312 aliquid
716 3230 853 3312 haberet,
871 3229 1053 3293 Terentium
1071 3248 1105 3292 se
1123 3229 1155 3290 id
1174 3227 1286 3288 fecisse
1301 3223 1482 3286 confessum

307 3338 375 3382 esse
398 3319 526 3401 cogitari
550 3321 655 3401 possit.
703 3317 774 3381 Duo
798 3326 907 3381 autem
930 3323 1005 3380 sunt
1027 3313 1235 3377 observanda:

396 3408 421 3472 I.
444 3407 624 3471 Terentium
643 3408 747 3488 ipsum
766 3407 859 3488 plane
877 3405 980 3466 dicere
1000 3402 1123 3482 (Heaut.
1142 3399 1220 3484 prol.
1239 3419 1267 3461 v.
1289 3398 1329 3461 16
1349 3399 1428 3482 sqq.)
1449 3399 1484 3462 id

308 3498 393 3582 quod
417 3497 519 3580 iniqui
538 3495 786 3578 vituperaverint
804 3500 835 3558 et
853 3493 907 3555 illo
926 3492 1068 3556 eonvieio
1087 3489 1342 3574 significaverint,
1363 3506 1397 3551 se
1415 3507 1483 3550 non

307 3589 426 3670 pigere:
463 3606 525 3669 qua
553 3603 586 3650 re
615 3584 751 3648 dilucide
779 3588 906 3668 apparet
932 3579 1118 3645 Terentium
1143 3598 1216 3643 cum
1244 3578 1289 3660 id,
1322 3577 1406 3660 quod
1433 3576 1484 3638 illi

307 3676 551 3760 reprehensione
574 3676 707 3757 dignum
730 3692 798 3737 esse
820 3671 982 3756 putabant,
1004 3676 1168 3755 peecatum
1192 3686 1259 3732 esse
1278 3668 1406 3732 omnino
1425 3682 1484 3727 ne-

307 3770 405 3848 garet,
430 3785 494 3828 non
517 3763 673 3844 hahuisse,
696 3782 753 3826 eur
776 3781 810 3826 se
832 3761 912 3825 illud
934 3761 1045 3826 fecisse
1068 3763 1204 3844 negaret.

400 3958 431 4026 ⁸⁰)
451 3957 569 4013 Contulit
586 3958 629 4012 Fr.
644 3957 764 4012 hlarxius
783 3956 981 4026 ,oorrtanrinare‘
1000 3973 1061 4010 cum
1074 3955 1175 4009 Graeeo
1194 3949 1321 4006 vocabulo
1340 3949 1486 4028 rrponqlq-¹

309 4034 402 4097 κίζειν;
431 4033 571 4098 praeterea
598 4029 687 4084 attulit
714 4028 987 4094 Hor.carm.1112,
1014 4027 1059 4082 18:
1097 4026 1221 4094 „Virtus,
1246 4020 1368 4102 repulsae
1391 4034 1488 4099 nescia

308 4103 437 4170 sordidae,
460 4101 629 4156 intaminatis
655 4100 741 4171 fulget
767 4100 936 4155 honoribus“.
969 4099 1001 4153 ad
1020 4109 1099 4167 quent
1117 4097 1205 4151 locum
1225 4095 1260 4149 ot.
1281 4096 1311 4147 A.
1331 4089 1489 4174 Tresshngr.

310 4173 351 4226 ed.
371 4174 435 4226 Hor.
455 4189 566 4241 operum
584 4173 661 4227 voli
679 4190 704 4242 p.
718 4172 770 4227 235
795 4175 900 4242 (quarta
922 4172 963 4225 ed.
983 4187 1039 4225 cur.
1059 4170 1090 4224 R.
1107 4169 1219 4223 Heinze.
1257 4161 1379 4218 Berolmr
1395 4161 1488 4228 1901).

400 4245 430 4312 ⁸¹)
459 4245 496 4298 ot.
522 4260 627 4314 quoque
651 4245 841 4298 Dzietzlronem
868 4244 897 4296 in
923 4242 1033 4316 Adelph.
1053 4241 1116 4296 edit.
1153 4237 1269 4309 (Lipsiae
1289 4233 1369 4301 1881)
1397 4232 1488 4302 praet.

311 4333 335 4388 p.
356 4319 370 4371 7
391 4334 416 4370 n.
438 4318 451 4370 1
473 4319 500 4371 et
518 4315 626 4372 Fabiam
645 4315 662 4372 l.
682 4332 702 4372 e.
722 4332 743 4370 s,
763 4334 788 4386 p.
810 4316 917 4387 lllfitl.
