3280 5048
196 1200 271 1330 nl.
314 1233 388 1330 Ex
422 1235 630 1357 prologis
665 1234 963 1386 Terentianis
998 1235 1106 1357 quid
1142 1235 1197 1330 de
1230 1235 1391 1330 ordine

341 1395 613 1491 fabularum
647 1395 974 1516 chronologico
1009 1396 1259 1491 diseamus

309 1645 430 1710 Multae
453 1649 529 1710 sunt
551 1645 752 1710 difficultates
775 1647 808 1708 in
832 1645 969 1730 prologis
993 1651 1023 1709 et
1045 1645 1203 1710 Plautinis
1225 1651 1257 1711 et
1276 1645 1391 1710 Teren-

221 1735 316 1798 tionis
339 1734 524 1814 tractandis3
548 1735 604 1798 sed
627 1733 707 1799 aliae
730 1736 761 1797 in
787 1733 951 1818 Plautinis,
975 1736 1055 1800 aliae
1077 1737 1110 1798 in
1132 1734 1336 1817 Terentianis,
1358 1735 1391 1798 id

221 1825 306 1906 quod
327 1823 461 1888 diversis
479 1825 688 1907 utrorumque
707 1823 907 1908 prologorum
926 1825 1095 1908 generibus
1113 1825 1189 1888 satis
1208 1825 1390 1908 explicatur.

219 1912 353 1978 Plautus
377 1914 459 1976 euim
484 1915 517 1977 in
539 1912 678 1997 prologis
700 1931 815 1977 nomen
840 1919 871 1978 et
889 1920 999 1998 poetae
1017 1920 1048 1978 at
1065 1913 1192 1978 fabulae
1209 1914 1398 1997 pronuntiat·

218 2002 285 2065 aut
301 2008 523 2085 argumentum
552 1997 679 2066 fabulae
707 2007 832 2066 enarrat
859 2009 915 2066 aut
940 2003 979 2066 de
1001 2001 1097 2066 rebus
1119 2001 1272 2066 scaenicis
1294 2001 1392 2066 verba

217 2091 292 2155 facit
325 2090 535 2176 precibusque
564 2090 725 2155 silentium
755 2111 773 2154 a
800 2091 1029 2175 spectatoribus
1053 2093 1178 2176 expetit.
1225 2091 1392 2156 Praeterea

219 2181 270 2244 lrio
291 2181 357 2244 illio
380 2199 484 2264 nugae
507 2182 735 2263 immiscentur,
758 2181 875 2265 quibus
893 2187 1082 2265 spectatores
1101 2181 1295 2245 delectentur
1313 2181 1391 2245 bila-

217 2271 371 2354 ritateque
392 2270 630 2354 perfundantur.
1021 2273 1024 2278 '

306 2359 442 2424 Prorsus
460 2360 551 2424 aliter
569 2378 603 2424 se
621 2358 739 2424 habent
753 2357 877 2423 Terenti
897 2359 1031 2444 prologi:
1051 2378 1155 2444 neque
1173 2360 1258 2423 enim
1276 2357 1391 2422 'Peren-

219 2450 281 2512 tius
305 2454 360 2512 uut
378 2455 599 2532 argumentum
618 2448 744 2513 fabulae
763 2453 887 2512 enarrat
895 2447 920 2531 1)
939 2452 994 2512 aut
1011 2467 1105 2512 suum
1125 2466 1239 2512 noman
1259 2447 1390 2532 prolart;

217 2544 326 2602 contra
350 2537 471 2621 ubique
493 2538 532 2601 de
554 2556 589 2601 se
611 2539 679 2622 ipse
701 2539 833 2621 suisque
851 2537 946 2600 rebus
964 2537 1120 2621 loquitur;
1145 2555 1285 2622 namque
1302 2540 1334 2601 et
1351 2535 1391 2600 ab

219 2627 403 2710 iniquorum
427 2627 700 2691 criminationibus
723 2646 758 2691 se
777 2627 916 2690 defendit
934 2632 966 2690 et
983 2627 1179 2690 adversarios
1198 2627 1265 2710 ipse
1283 2644 1392 2708 aggre-

218 2716 318 2797 ditur;
332 2716 480 2801 denique
502 2719 576 2780 item
601 2723 696 2800 atque
720 2715 853 2780 Plautus
876 2716 1038 2781 silentium
1061 2735 1103 2780 ex
1124 2717 1241 2800 populo
1264 2716 1391 2799 expetit.

309 2804 366 2870 Vel
386 2807 458 2870 inde
477 2812 605 2890 apparet
624 2805 825 2870 difficultates
844 2805 1046 2892 prologorum
1066 2805 1286 2869 Plautinorum
1304 2823 1391 2888 pror-

217 2913 272 2958 sus
295 2893 373 2958 alias
397 2913 464 2959 esse
487 2903 583 2978 atque
605 2894 873 2960 Terentianorum
909 2894 1036 2978 Prologi
1060 2896 1144 2958 enim
1164 2894 1304 2958 Plautini
1328 2913 1392 2978 quo

219 2989 294 3046 sunt
313 2988 508 3065 argumente,
532 2987 564 3046 in
583 2984 700 3048 fabulis
718 2986 869 3048 iterandis
888 2990 943 3048 aut
960 2986 1018 3048 toti
1036 2991 1092 3048 aut
1110 3003 1225 3068 magna
1244 3003 1285 3046 ex
1304 2989 1393 3066 parte

220 3071 362 3135 adhiberi
386 3078 565 3157 potuerunt,
588 3073 621 3134 id
645 3074 731 3157 quod
749 3093 783 3137 re
802 3093 877 3138 vera
895 3074 1013 3137 laetum
1032 3092 1100 3137 esse
1118 3074 1227 3136 multis
1245 3092 1287 3136 ex
1306 3073 1392 3151 locis,

220 3163 275 3246 qui
293 3163 325 3225 in
346 3161 484 3246 prologis
504 3160 614 3244 quales
632 3180 720 3225 nuno
737 3162 898 3246 habemus,
916 3164 1074 3246 leguntur,
1093 3162 1293 3246 manifestum
1310 3164 1391 3240 est.²)

219 3250 430 3326 eramobrem
448 3258 503 3314 aut
522 3253 628 3314 sintne
638 3253 774 3315 omuino
786 3252 907 3336 prologi
919 3252 1060 3316 Plautini
1072 3253 1213 3334 genuini,
1229 3250 1393 3334 quaeritur

219 3346 274 3403 aut
297 3341 376 3424 quid
399 3341 432 3403 in
456 3341 591 3424 singulis
608 3341 747 3425 prologis
765 3361 783 3405 a
806 3340 916 3405 Plauto
934 3343 1002 3425 ipso
1022 3341 1173 3426 scriptum
1192 3340 1233 3404 sit
1252 3339 1392 3424 quidque

219 3429 399 3507 histriones,
430 3435 467 3494 ut
493 3429 641 3514 prologos
670 3450 751 3494 nova
780 3432 869 3515 quasi
897 3430 997 3495 forma
1026 3436 1188 3510 ornarent,
1215 3430 1250 3492 in
1277 3428 1417 3492 fabulis

217 3518 332 3580 iterum
356 3518 487 3582 edendis
510 3519 549 3582 de
572 3539 632 3583 suo
655 3520 841 3584 addiderint.
882 3518 999 3584 Contra
1020 3519 1224 3583 Terentianos
1248 3518 1393 3601 prologos

220 3624 329 3670 omnes
351 3607 390 3670 ad
413 3627 514 3671 unum
538 3611 694 3692 genuinos
717 3629 785 3674 esse
805 3611 854 3673 vel
872 3609 947 3672 inde
965 3613 1101 3694 apparet,
1125 3608 1210 3692 quod
1228 3605 1393 3670 Terentius

219 3695 258 3760 de
280 3714 314 3760 se
337 3699 469 3782 suisque
491 3699 559 3782 ipse
582 3698 688 3770 rebus.
716 3699 754 3762 de
777 3717 908 3762 suorum
931 3699 1181 3762 adversariorum
1207 3695 1392 3760 criminibus

219 3792 250 3848 et
271 3786 357 3850 vitiis
380 3794 436 3850 aut
457 3807 513 3872 per
536 3788 702 3874 prologum
726 3789 892 3852 autetiam
911 3807 966 3873 per
985 3788 1149 3852 dominum
1168 3787 1275 3870 gregis
1295 3785 1391 3849 verba

307 3961 327 4044 ¹!
354 3963 523 4049 Androuipus
545 3965 573 4047 in
589 3964 729 4050 lluabneri
753 3963 844 4018 scholi.
869 3964 897 4016 in
921 3963 1054 4048 Ariqtqph.
1081 3979 1106 4030 p.
1129 3961 1226 4016 XXII:
1253 3963 1393 4024 „Illadwe

218 4034 1110 4176 nspwqpffiqvelitapexqqnglqpptqqaqdqrqqsqqgeoquq‘tqm
1130 4103 1236 4172 prologo
1255 4106 1283 4158 et
1300 4105 1333 4157 de
1353 4102 1392 4156 eis

217 4117 384 4248 prologgrum
401 4147 475 4246 looi’s,
495 4177 589 4246 qulbus
607 4180 640 4233 da
653 4147 760 4232 sedibu}
773 4181 952 4247 spectatorum
965 4175 1048 4230 verba
1059 4176 1142 4258 fiunt
1152 4175 1197 4246 tal.
1212 4175 1255 4228 Fr.
1268 4173 1392 4228 Ritsahe·

217 4247 282 4302 lium
305 4249 334 4302 in
352 4250 488 4318 Parargon
507 4248 689 4304 Plautinorum
708 4250 980 4318 Terentianorumque
999 4247 1051 4302 vol.
1069 4248 1082 4302 1
1102 4246 1278 4317 (Lrps.1845)
1297 4263 1322 4314 p.
1341 4245 1393 4301 180

217 4335 273 4388 sqq.
294 4323 322 4374 at
340 4337 364 4390 p.
384 4321 436 4376 209
456 4336 512 4390 sqq.
