3280 5048
691 375 908 441 ..11-

301 559 382 624 Tum
410 560 553 624 alteram:
581 557 964 622 Heautontimorumenon
993 555 1126 639 primam
1153 553 1292 618 fabulam
1322 573 1386 618 non

215 669 283 715 esse
302 649 557 714 concludendum
576 655 623 712 cst
641 667 713 711 cum
733 666 775 711 ex
792 665 870 710 voce
885 645 1023 728 ,dictitat
1039 645 1080 726 (v.
1093 645 1149 728 22)
1165 650 1232 708 tum
1250 645 1388 708 maxime

217 759 258 804 ex
281 737 427 802 versibus
452 737 595 801 16-18:
671 798 673 803 .

375 826 475 910 „Nam
499 827 583 912 quod
606 844 749 890 rumores
772 825 964 889 distulerunt
988 823 1136 904 malivoli,

375 916 491 981 Multas
514 917 744 980 contaminasse
767 913 912 989 Graecas,
935 913 1012 978 dum
1034 913 1126 977 facit

373 1005 519 1070 Paucas
541 1003 718 1070 Latinas“
740 1023 787 1088 sq.

304 1096 332 1160 3.
355 1094 393 1158 In
421 1093 582 1159 Eunuchi
606 1093 736 1178 prologo
759 1092 848 1156 nulla
870 1097 996 1157 exstant
1016 1092 1160 1174 vestigia,
1185 1089 1301 1174 quibus
1325 1110 1387 1174 quo

214 1188 353 1269 tempore
383 1185 461 1248 hacc
486 1183 595 1248 fabula
622 1188 691 1247 acta
718 1184 767 1264 sit,
796 1187 941 1246 accurate
964 1186 1180 1264 cognoscatur.
1226 1179 1389 1244 Nonnulla

215 1279 332 1354 autem,
350 1276 408 1338 etsi
427 1274 467 1337 ad
486 1279 610 1357 tempus
628 1277 773 1337 accurate
792 1271 1008 1336 definiendum
1027 1268 1158 1334 minime
1173 1269 1287 1334 idonea
1305 1275 1388 1351 sunt,

214 1363 417 1426 memoranda
439 1367 528 1426 sunt:

306 1451 330 1518 l.
354 1451 406 1515 Ex
424 1471 475 1514 vv.
495 1453 589 1533 1-3,
613 1450 729 1535 quibus
752 1468 822 1515 sese
841 1452 874 1512 in
894 1467 1003 1514 eorum
1022 1467 1167 1527 numero,
1191 1449 1246 1532 qui
1264 1449 1388 1532 placere

214 1559 249 1603 se
272 1541 420 1604 studeant
442 1541 534 1604 bonis
553 1559 648 1624 quam
667 1539 813 1622 plurimis
831 1544 863 1604 et
882 1539 1010 1602 minime
1030 1537 1146 1602 multos
1165 1538 1296 1621 laedere,
1319 1557 1387 1602 esse

214 1635 305 1712 poeta
328 1629 421 1707 dicat,
443 1647 592 1713 apparere
615 1629 693 1692 mihi
711 1629 836 1692 videtur
853 1627 1035 1692 terentium
1058 1629 1135 1692 alias
1155 1635 1246 1691 antea
1265 1626 1387 1691 fabulas

215 1718 368 1798 docuisse,
395 1717 583 1781 Eunuchum
607 1719 705 1801 igitur
727 1737 790 1782 non
814 1719 950 1803 primam
972 1716 1112 1781 fabulam
1135 1735 1212 1781 esse.

304 1806 345 1871 II.
363 1805 414 1870 lix
429 1827 456 1871 v.
467 1809 488 1870 4
498 1826 557 1892 sq.:
573 1806 671 1888 „Tum
682 1808 708 1871 si
722 1809 793 1893 quis
805 1813 861 1889 cst,
876 1807 932 1892 qui
944 1807 1064 1871 dictum
1075 1808 1109 1870 in
1122 1805 1386 1871 seinclementinr

373 1895 635 1961 Existumavit
658 1916 734 1978 esse,
757 1899 803 1961 sic
825 1898 1013 1961 existumet‘
1037 1915 1084 1980 sq.

215 1990 344 2069 apparet
357 1984 537 2050 Terentium
557 1986 655 2050 alium
674 1992 767 2050 antea
784 1987 951 2072 prologum
967 1988 1138 2070 scripsisse,
1157 2004 1220 2068 quo
1236 1983 1386 2048 Luscium

212 2094 379 2158 aggressus
402 2076 519 2158 aratlt)
838 2131 840 2138 .
981 2114 983 2119 -

303 2163 362 2226 ΙΙΙ.
385 2162 520 2229 Luscius
548 2169 717 2248 antequam
744 2166 846 2250 prima
873 2169 983 2249 poetae
1011 2165 1085 2227 novi
1114 2163 1386 2246 adulescentisque

214 2251 323 2316 tabula
345 2260 499 2337 ageretur,
522 2254 554 2316 id
577 2255 768 2339 spectavisse
791 2255 922 2318 minime
940 2254 1100 2337 putandus
1119 2260 1174 2335 cst,
1197 2258 1233 2316 ut
1251 2271 1321 2316 eam
1339 2255 1385 2316 in·

213 2343 344 2494 appronat
356 2342 405 2425 (ci.
417 2363 446 2406 v.
458 2344 499 2406 19
511 2342 644 2428 sqq.);²⁰)
658 2342 862 2427 quamobrem
871 2341 1046 2407 Eunuchus
1058 2349 1141 2406 certe
1152 2341 1385 2426 prirnaTerenti

212 2431 319 2496 faula
342 2451 404 2495 non
429 2439 483 2496 est.

302 2524 331 2582 4.
344 2520 443 2585 Multo
456 2520 548 2605 plura
559 2526 590 2586 et
599 2522 733 2585 certiora
742 2541 784 2585 ex
796 2520 1034 2585 Vtrormionls
1044 2521 1173 2605 prologo
1184 2520 1385 2586 lucrabimur.

302 2611 331 2689 a)
354 2629 395 2673 ex
411 2631 465 2677 rv.
486 2612 586 2675 1-3:
612 2610 802 2695 „Postquam
825 2617 918 2695 poeta
941 2618 1031 2675 vetus
1054 2620 1178 2695 poetam
1202 2630 1264 2673 non
1284 2618 1386 2694 potest

371 2698 540 2765 Retrahere
564 2721 583 2764 a
605 2700 710 2764 studio
733 2706 764 2765 et
786 2701 948 2765 transdere
971 2701 1130 2764 hominem
1155 2702 1187 2762 iu
1212 2701 1321 2781 otium,

373 2788 550 2853 Maledictis
573 2789 728 2854 deterrere
751 2809 791 2854 ne
814 2789 939 2870 scribat,
961 2792 1066 2874 parat‘
1155 2813 1157 2818 ·

213 2875 316 2941 elucet
331 2880 564 2942 contentionem
580 2880 662 2943 inter
673 2877 822 2943 Luscium
836 2885 867 2944 ct
878 2878 1059 2944 Terentium
1071 2879 1268 2962 aliquamdiu
1279 2879 1384 2943 tuisse.

259 2969 263 2978 '
302 2965 334 3045 b)
350 2984 393 3029 ex
407 2985 436 3029 v.
449 2969 485 3028 4:
506 2965 586 3048 „Qui
604 2969 648 3032 ita
667 2969 796 3050 dictitat,
815 2989 908 3052 quas
931 2969 1090 3033 antehac
1109 2969 1199 3033 iecit
1221 2967 1385 3050 tabulas,

371 3052 473 3118 Tenui
496 3074 564 3119 esse
587 3059 726 3121 oratione
749 3064 780 3122 et
802 3060 957 3142 scriptura
979 3057 1062 3120 lovi“

213 3147 341 3227 apparet
362 3141 545 3208 Terentium
568 3145 745 3229 complures
767 3147 891 3211 tabulas
914 3153 1005 3210 antea
1029 3148 1180 3211 docuisse.

300 3234 329 3316 c)
354 3233 432 3319 quin
456 3235 552 3298 etiam
575 3235 752 3320 complures
775 3237 897 3301 fabulas
915 3235 1053 3320 prologis
1071 3237 1227 3320 praeditas
1246 3241 1385 3299 anteces-

213 3323 291 3386 sisse
315 3324 526 3407 comperimus
550 3343 591 3389 ex
615 3344 643 3389 r.
669 3326 709 3390 13
733 3345 814 3411 sqq.:

302 3533 334 3604 ¹⁸)
353 3535 410 3589 Hac
428 3551 459 3590 re
479 3537 605 3590 commoti
622 3539 839 3592 Herrmanowski
859 3539 886 3608 (l.
901 3537 918 3592 l.
929 3555 954 3606 p.
965 3540 998 3592 37
1010 3555 1035 3592 n.
1049 3537 1092 3604 19)
1112 3541 1140 3592 et
1156 3538 1385 3593 Paeclrelmannus

210 3603 239 3672 (l.
257 3619 279 3659 a.
298 3621 319 3659 s.
338 3622 364 3673 p.
381 3607 435 3674 43).
462 3608 586 3662 Eunuchi
604 3609 740 3680 prologum
760 3612 820 3678 post
836 3609 1132 3664 Heautontimorumeni
1151 3610 1286 3679 prologum
1305 3626 1383 3677 posu-

211 3678 298 3730 eruut.
336 3677 435 3732 Tamen
452 3678 481 3732 in
498 3697 518 3734 ιι
535 3678 626 3735 littera
642 3681 716 3736 nulla
734 3685 776 3736 est
793 3683 870 3735 fides
891 3698 952 3734 nam
967 3681 1113 3736 sescenties
1131 3699 1147 3736 a
1163 3681 1276 3734 librariis
1293 3682 1384 3735 cumb

210 3748 337 3802 confundi
361 3764 419 3803 eam
442 3753 547 3805 consut
569 3752 615 3817 (cf.
635 3753 751 3807 Gramnr.
770 3753 827 3807 Lat.
847 3753 899 3806 Vll
919 3770 943 3820 p.
965 3754 1016 3807 138
1036 3752 1115 3816 liail).
1140 3752 1310 3820 quamobrem
1333 3753 1383 3807 hoc

212 3834 315 3888 quoque
334 3818 391 3874 loco
410 3821 626 3889 „existumabit‘·‚
645 3824 714 3892 qnod
733 3826 837 3892 spectet
856 3826 888 3876 ad
903 3840 935 3878 ca
948 3824 1074 3890 convicia,
1095 3839 1161 3891 quae
1174 3824 1314 3878 Terentius
1326 3824 1397 3893 ipso:

211 3888 239 3942 in
256 3889 379 3945 Eunuchi
403 3891 510 3962 prologo
533 3893 654 3948 dictunrs
673 3896 719 3954 sit,
744 3896 837 3948 eodem
860 3897 919 3948 fere
939 3896 997 3948 iure
1016 3895 1068 3962 legi
1088 3897 1182 3962 potest.
1220 3895 1284 3963 quin
1304 3895 1394 3948 etiarn'

209 3960 277 4015 haec
296 3960 377 4017 lectio
396 3965 575 4031 praeferenda
592 3981 652 4020 esse
670 3965 735 4019 mihi
754 3966 868 4032 videtur,
893 3983 954 4020 cum
974 3983 1067 4033 parurn
1087 3965 1212 4020 credibile
1231 3967 1266 4019 sit
1284 3967 1382 4019 Teren·

102 4063 106 4068 -
209 4031 275 4086 tium
294 4036 459 4102 spectatores
477 4035 511 4088 de
530 4036 665 4100 conviciis,
684 4037 779 4106 quibus
798 4037 881 4092 multo
900 4040 962 4092 ante
981 4040 1075 4091 contra
1087 4038 1212 4092 Luscium
1225 4053 1289 4092 usus
1302 4040 1382 4103 esset,

149 4159 151 4164 ,
209 4105 353 4159 monuisse.
391 4105 449 4170 Quo
467 4105 576 4173 probato
594 4107 660 4162 illud
680 4109 758 4178 „quia
776 4109 853 4164 laesit
871 4109 960 4178 prior‘
979 4113 1015 4177 (v.
1034 4110 1062 4177 6)
1081 4110 1199 4178 pertinet
1211 4110 1242 4162 ad
1256 4125 1296 4172 ea,
1315 4125 1382 4176 quae

208 4175 234 4228 in
259 4176 451 4231 exercitatione
474 4176 608 4245 scaenica,
635 4195 703 4247 quae
726 4181 922 4251 magistratibus
941 4181 1090 4250 Luscioque
1110 4180 1293 4249 praesentibus
1312 4180 1384 4236 facta

208 4249 274 4315 erat,
293 4247 453 4302 acciderant

299 4317 332 4388 2‘)
351 4319 387 4374 ci.
406 4318 521 4390 infrap.
540 4320 620 4377 4011.
640 4321 683 4377 93.
