3280 5048
700 267 919 358 435..

315 473 464 561 Deniqne
498 475 557 540 hac
588 475 709 540 ratione
740 473 821 538 illud
854 441 984 559 ¹quoque
1016 473 1167 559 explicari
1197 476 1299 559 potest
1328 471 1401 538 fieri

221 563 372 650 notuisse,
390 572 427 630 ut
439 565 575 650 Adelphi
593 563 701 628 fabula
718 582 802 627 nova
819 564 905 628 ludis
919 562 1115 648 funebribus,
1134 565 1190 648 qui
1201 581 1317 628 norem
1328 568 1398 628 tan-

222 661 291 719 tum
320 654 432 719 diebus
458 659 529 740 post
556 657 690 718 mortem
712 651 747 718 L.
765 651 884 717 Aemili
906 651 1012 718 Paulli
1034 652 1108 718 iacti
1130 657 1220 736 sunt,
1245 656 1397 736 ageretur.

268 867 273 875 ·
311 831 383 897 Has
415 833 514 917 igitur
544 851 595 896 res
627 832 759 896 dirersis
790 831 894 895 modis
925 832 1089 916 explanari
1119 849 1211 916 posse
1242 831 1397 895 videmus.

220 921 339 986 Tamen
356 921 473 1006 quibus
492 920 730 986 condicionibus
745 925 837 1005 poeta
852 921 995 1004 singulas
1009 919 1133 984 fabulas
1149 920 1277 985 domino
1292 921 1397 1004 gregis

222 1010 359 1096 agendas
386 1010 563 1094 tradiderit,
589 1029 664 1075 oum
687 1009 859 1074 diiudicare
881 1028 946 1074 non
969 1011 1143 1094 possimus,
1172 1010 1223 1074 hic
1245 1010 1397 1074 consista-

221 1119 302 1164 mus.
348 1099 436 1164 Haec
457 1101 555 1184 igitur
578 1100 756 1164 statuimus.

309 1187 334 1254 Ι.
366 1188 430 1254 Pro
453 1189 628 1253 certissimo
651 1187 833 1253 habendum
856 1193 919 1253 est:

311 1279 339 1341 1.
362 1277 405 1343 Et
426 1282 538 1362 poetae
561 1297 636 1358 cum
651 1277 789 1359 domino
809 1279 924 1362 gregis
949 1297 1012 1341 non
1036 1297 1111 1341 cum
1132 1277 1284 1341 ludorum
1304 1295 1397 1341 cura·

221 1366 353 1450 toribus,
376 1368 415 1432 de
437 1365 553 1446 fabulis
577 1366 707 1450 agendis
729 1367 924 1431 convenisse.

311 1459 341 1520 2.
358 1454 401 1518 Et
419 1460 606 1540 contractus,
625 1474 705 1539 quos
728 1456 761 1520 hi
779 1456 876 1520 huius
893 1455 939 1519 rei
953 1474 1050 1519 cansa
1063 1454 1215 1538 fecerunt,
1233 1460 1264 1519 et
1277 1412 1395 1518 multos

221 1550 252 1608 et
274 1546 378 1608 varios
400 1543 505 1609 finisse.
606 1599 609 1606 .

205 1641 207 1646 “
312 1634 341 1698 3.
368 1632 410 1696 nt
437 1634 602 1698 dominum
628 1634 734 1718 gregis
762 1635 921 1698 interdum
946 1632 1070 1698 fabulas
1092 1652 1192 1696 novas
1213 1634 1315 1717 pretio
1338 1652 1394 1697 sno

222 1740 241 1785 a
263 1727 354 1806 poeta
376 1728 497 1806 emptas
520 1720 676 1805 habuisse,
699 1741 779 1807 quas
802 1741 896 1806 agero
918 1741 1042 1807 semper
1064 1733 1131 1786 erat
1151 1725 1289 1807 paratus.
1483 1737 1496 1742 “

311 1808 353 1874 II.
373 1809 490 1874 Contra
505 1812 600 1875 ceteri
616 1813 796 1877 contractus
813 1813 898 1876 inter
915 1815 1039 1896 'poetam
1059 1816 1090 1876 et
1108 1811 1272 1876 dominum
1290 1811 1396 1894 gregis
1450 1847 1454 1856 ·

223 1900 303 1982 initi,
326 1900 437 1984 quales
458 1900 587 1986 fuerint,
612 1919 685 1965 cnm
709 1906 851 1966 veterum
875 1901 1063 1965 testimoniis
1085 1919 1257 1983 careamus,
1280 1899 1395 1964 diiudi-

221 2007 292 2052 care
315 2008 378 2052 non
401 2007 579 2074 possumus.
