3280 5048
754 329 976 394 ...ιο-

279 505 387 590 Pergit
418 509 563 572 enimin
591 505 646 571 illa
674 507 873 572 adnotatione
900 506 959 570 hoc
986 506 1093 570 modo:
1126 503 1236 587 „Nam
1264 523 1329 588 quo
1356 504 1451 568 modo

278 595 354 659 alibi
377 595 472 659 dixit:
497 595 680 680 ,Postquam
703 596 818 659 aediles
842 594 1015 658 emerunt‘?
1062 593 1104 657 Et
1125 593 1215 676 bene,
1238 599 1276 656 ut
1298 597 1453 676 sequatur

277 685 414 768 populus
446 685 599 749 iudicium
632 687 714 766 eius,
746 685 801 767 qui
834 684 998 747 aestimare
1029 702 1103 748 vere
1134 683 1257 746 fabulas
1284 683 1449 766 potuerit‘.

279 773 400 838 Eodem
426 775 523 857 igitur
549 794 590 838 ex
613 775 699 838 fonte
721 773 774 836 ille
798 774 915 855 hausit,
943 773 1110 836 undenos
1133 772 1306 836 haurimus.
1352 770 1450 835 Novit

279 863 397 926 s'cllicet
424 863 496 927 illos
524 863 604 928 duos
631 863 833 946 prologorum
861 861 959 944 locos,
990 879 1126 945 quorum
1153 881 1227 924 cum
1254 860 1451 925 alteralteri

278 971 455 1034 repugnare
477 952 646 1034 videretur,
667 953 735 1036 ipse
757 971 849 1015 suam
871 951 958 1014 illam
981 951 1224 1034 explicationem
1245 949 1390 1028 finxitssl

368 1039 484 1104 Donati
499 1043 598 1125 igitur
613 1041 829 1106 testimonium
845 1041 996 1123 quoniam
1012 1039 1091 1102 nihil
1103 1039 1210 1103 valere
1224 1039 1451 1121 intelleximus,

280 1130 338 1192 hac
364 1131 398 1191 in
427 1149 461 1193 re
489 1131 692 1193 diiudicanda
719 1148 849 1213 prorsus
875 1135 925 1192 est
949 1129 1166 1193 omittendum.
1211 1128 1273 1192 Sed
1296 1129 1356 1191 hac
1377 1147 1452 1192 cum

280 1219 465 1300 quaestione
492 1238 566 1282 cum
592 1219 689 1283 altera
711 1219 766 1282 illa
790 1219 931 1301 quaestio
955 1219 1111 1282 artissime
1133 1220 1303 1282 coniuncta
1326 1219 1379 1299 sit,
1407 1218 1452 1280 ita

280 1316 316 1369 ut
334 1307 395 1369 nisi
415 1309 471 1389 qui
489 1309 523 1370 in
541 1309 645 1391 priore
663 1326 774 1370 verum
794 1308 917 1388 viderit,
936 1305 1028 1371 nemo
1047 1308 1080 1370 in
1100 1307 1198 1371 altera
1214 1325 1325 1370 verum
1343 1305 1452 1370 videre

279 1397 387 1479 possit,
409 1415 547 1479 cumque
565 1415 675 1460 omnes
693 1397 796 1462 adhuc
815 1397 877 1460 viri
895 1396 978 1460 docti
996 1396 1114 1459 mirum
1131 1397 1166 1458 in
1184 1397 1313 1460 modum
1334 1395 1452 1460 Donati

279 1485 458 1549 testimonio
487 1486 537 1548 usi
567 1487 643 1567 sint,
671 1505 712 1550 ne
738 1488 772 1549 in
800 1485 897 1549 altera
926 1485 1055 1568 quidem
1084 1486 1267 1568 quaestione
1292 1505 1345 1548 eos
1367 1491 1452 1549 recte

279 1573 436 1638 iudicasse
457 1594 514 1658 per
532 1594 566 1639 se
585 1580 721 1660 apparet.
766 1574 882 1638 Tamen
903 1573 980 1657 quid
999 1575 1163 1655 senserint,
1185 1575 1372 1658 priusquam
1390 1575 1463 1660 ipsi,

279 1663 317 1726 ad
340 1682 407 1726 rem
431 1664 666 1731 diiudicandam
688 1671 896 1743 transcamus,
920 1664 1056 1726 breviter
1078 1682 1243 1746 exponam.

369 1751 538 1828 Quaeritur
549 1756 656 1837 igitur,
667 1756 701 1816 in
713 1756 805 1817 ouius
820 1753 1017 1837 possessione
1029 1752 1154 1816 fabulae
1165 1758 1253 1816 actae
1268 1754 1450 1817 manserint.

279 1838 371 1915 Quod
391 1849 426 1905 ut
444 1850 659 1925 cognoscatur,
681 1842 873 1906 Ritschelius
901 1843 939 1905 de
957 1841 1059 1905 tribus
1077 1861 1183 1906 rerum
1202 1841 1452 1924 condicionibus

279 1930 318 1992 de
346 1929 462 2012 quibus
490 1933 620 2014 cogitari
646 1937 762 2015 potest,
790 1930 973 2013 singillatim
1001 1932 1073 2013 agit.
1119 1931 1247 1994 Aediles
1278 1931 1366 2012 dicit,
1395 1932 1450 2014 qui

278 2017 401 2081 fabulas
417 2021 560 2101 emerint,
578 2019 757 2084 fabularum
774 2038 968 2103 possessores
985 2039 1048 2082 non
1060 2019 1167 2101 fuisse,
1186 2038 1260 2082 curn
1271 2019 1448 2084 fabularum

279 2115 421 2170 actarum
452 2109 578 2172 nullum
611 2111 739 2173 omnino
771 2129 867 2173 usum
894 2107 1069 2172 habuerint.
1121 2109 1235 2192 Neque
1260 2108 1384 2173 fabulas
1411 2110 1450 2173 ad

279 2202 387 2279 poetas
409 2198 542 2279 redisse,
571 2200 687 2284 quippe
711 2201 767 2282 qui
791 2217 843 2262 eas
866 2197 1078 2280 vendiderint,
1106 2200 1291 2281 praesertim
1313 2218 1386 2264 oum
1409 2218 1450 2262 ex

279 2285 355 2350 Hec.
379 2287 456 2370 prol.
476 2286 492 2349 I
515 2308 544 2351 v.
565 2287 584 2350 6
608 2307 670 2372 sq:
1150 2357 1152 2362 ,
1392 2289 1394 2292 ’

437 2375 1253 2548 11111111131111111111111

279 2562 426 2640 appareat
462 2575 504 2619 ex
542 2557 702 2621 veteribus
740 2555 856 2618 fabulis
892 2559 1000 2638 poetas
1033 2556 1113 2617 nihil
1147 2555 1229 2618 lucri
1261 2555 1362 2619 facere
1395 2574 1449 2638 po-

277 2647 385 2707 tuisse.
432 2643 561 2708 Restare
580 2647 686 2726 igitur,
711 2653 748 2707 ut
774 2643 899 2707 fabulae
926 2645 959 2706 in
988 2644 1107 2707 domini
1131 2645 1236 2728 gregis
1254 2646 1450 2728 possessione

278 2733 465 2812 manserint,
501 2735 556 2815 qui
588 2733 659 2796 illas
686 2731 822 2813 fabulas,
857 2732 1142 2816 quotienscumque
1176 2735 1324 2813 voluerit,
1358 2752 1450 2816 agere

277 2822 422 2904 potuerit.
460 2857 498 2866 -
530 2821 651 2884 Eadem
674 2827 780 2884 autem
803 2822 1040 2885 ratiocinatione
1064 2842 1141 2885 usus
1170 2825 1220 2886 vir
1242 2823 1352 2886 doctus
1375 2842 1450 2886 con·

279 2910 406 2973 cludere
429 2909 564 2974 debebat
581 2910 705 2974 fabulas
723 2915 808 2974 actas
826 2928 867 2973 ne
891 2911 925 2973 in
944 2912 1058 2974 actoris
1074 2911 1202 2995 quidem
1220 2915 1448 2994 possessionem

277 3001 474 3083 pervenisse,
502 3019 577 3063 oum
599 3002 652 3065 hic
673 3000 796 3064 fabulas
819 3001 948 3063 omnino
971 3019 1035 3063 non
1059 3002 1199 3081 emisset,
1222 3001 1277 3064 sed
1300 3002 1449 3065 aedilium

276 3092 368 3153 iussu
400 3095 524 3154 tantum
555 3091 791 3154 aestimavisset.
846 3088 909 3153 Sed
941 3094 977 3152 ut
1015 3109 1089 3153 vera
1121 3093 1162 3153 sit
1192 3091 1354 3154 conclusio
1389 3092 1450 3153 viri

278 3179 371 3262 docti,
393 3184 499 3242 tamen
523 3180 592 3242 eius
611 3180 767 3244 sententia
790 3177 945 3242 rehrtatur
967 3178 1021 3242 illo
1045 3178 1122 3242 Hec.
1145 3179 1222 3262 prol.
1245 3179 1324 3260 loco,
1355 3198 1449 3262 quem

277 3269 344 3351 ipse
367 3269 524 3349 attulit¹⁸l
557 3269 643 3332 unde
676 3267 813 3331 dilucide
845 3273 973 3351 apparet
1000 3287 1041 3331 ex
1064 3273 1216 3351 potestate
1239 3274 1271 3331 et
1292 3269 1450 3352 permissu

277 3362 386 3439 poetae
408 3356 506 3420 fuisse
528 3356 651 3421 fabulas
675 3359 790 3420 iterum
822 3357 952 3438 referre,
985 3356 1108 3420 fabulas
1140 3359 1237 3440 igitur
1269 3358 1303 3420 iu
1336 3359 1450 3420 actoris

278 3445 416 3509 dominio
456 3447 618 3511 mansisse.
680 3444 892 3521 Quamobrem
929 3445 1129 3528 Dziatzlowl
1172 3445 1302 3530 putabat
1343 3452 1451 3530 poetas

367 3621 400 3691 ¹⁷)
419 3622 460 3676 De
479 3621 609 3676 similibus
627 3621 724 3676 Donati
742 3621 807 3676 locis
825 3637 970 3690 eorumque
989 3622 1045 3676 fide
1064 3623 1098 3676 ci.
1118 3623 1248 3678 Rabbow:
1275 3622 1362 3678 annal.
1385 3622 1449 3691 phil.

277 3709 338 3748 nov.
359 3692 428 3748 CLV
447 3693 539 3761 (1897)
559 3710 584 3762 p.
604 3693 656 3748 305
675 3709 732 3762 sqq.
753 3725 785 3732 -
805 3695 840 3748 cf.
859 3693 931 3747 inira
948 3711 974 3762 p.
993 3693 1027 3747 83
1047 3695 1106 3748 adu.
1126 3696 1160 3749 56
1179 3697 1207 3748 et
1224 3712 1250 3763 p.
1269 3695 1312 3750 84.

226 3781 230 3790 ·
367 3765 399 3832 ¹⁸)
418 3764 547 3820 Ritscheli
574 3764 735 3818 sententiam
760 3765 882 3818 defendit
906 3764 1053 3818 Roehricht
1070 3765 1087 3819 1.
1107 3782 1127 3820 s
1147 3782 1168 3819 s
1188 3784 1213 3834 p.
1233 3766 1268 3820 50
1286 3782 1343 3835 sqq.
1368 3765 1449 3834 (Dies.

279 3835 342 3905 phil.
366 3838 428 3905 Arg.
448 3835 490 3890 IX
513 3853 538 3906 p.
565 3836 617 3890 342
637 3841 714 3905 sqq).
750 3836 792 3891 Ab
819 3837 870 3890 hac
896 3852 957 3918 cum
984 3835 1029 3891 ille
1056 3836 1180 3906 Hecyrae
1207 3837 1281 3892 locus
1309 3841 1345 3907 (v.
1364 3837 1381 3891 6
1400 3840 1451 3905 sq.)

276 3911 421 4046 111111,
441 3906 1093 4049 potismsnlistlitirritis
1107 3909 1449 4049 utilissimis

277 4051 368 4102 tamen
386 4048 470 4103 ullum
489 4053 675 4120 argumentum
694 4051 784 4105 atiert.
815 4081 847 4089 -
873 4049 987 4103 Prorsus
1011 4053 1100 4104 autem
1119 4051 1255 4106 reicienda
1277 4053 1352 4115 sunt,
1382 4067 1449 4120 quae

277 4120 425 4174 Karstenus
444 4120 461 4175 l.
481 4137 501 4175 a.
521 4137 541 4175 s.
561 4139 579 4191 p
608 4122 656 4176 181
677 4139 703 4174 n.
723 4123 739 4175 3
759 4121 890 4188 exposuit

368 4191 399 4260 ¹⁹)
411 4192 480 4246 Mus,
493 4194 579 4246 Rhen.
593 4209 653 4246 nov.
667 4193 737 4246 XXl
747 4192 838 4261 (1866)
851 4210 876 4260 p.
886 4193 936 4245 471
952 4209 1008 4262 sqq.
1019 4193 1097 4247 aliter
1109 4193 1191 4247 idem:
1202 4193 1271 4248 illus.
1282 4195 1332 4248 Rh.
1343 4211 1403 4248 nov.
1414 4195 1450 4248 IL

277 4263 368 4333 (1894)
382 4281 408 4332 p.
422 4264 474 4318 562
487 4280 526 4332 sq.
539 4295 573 4303 -
587 4264 672 4330 Quam
685 4263 846 4318 sententiam
858 4263 936 4334 plane
950 4264 1043 4333 probat
1053 4264 1167 4319 Hauler:
1186 4265 1356 4321 Phormed'
1366 4283 1392 4334 p.
1406 4267 1448 4320 33.
