3280 5048
635 324 852 387 ‚17-

244 506 286 570 Il.
308 504 488 570 Terentium
514 503 599 587 quod
622 522 656 568 se
678 502 800 566 fabulas
827 502 1107 578 ,contaminavisse‘
1130 501 1260 584 latetur,
1290 503 1329 566 de
1440 573 1443 578 ,

158 599 310 661 sententia
334 595 571 668 criminationis,
603 610 666 655 non
691 593 730 656 dc
753 593 895 656 convicio
918 589 1008 654 verbi
1031 591 1070 654 ab
1094 593 1213 676 iniquis
1236 611 1329 656 usur·

158 687 221 769 pati
244 686 381 768 cogitare
404 684 544 768 potuisse
566 685 712 765 certeque
735 682 970 764 cogitavisse.⁸²)

246 773 307 838 Sed
330 773 408 836 haee
431 772 557 856 quidem
581 772 741 834 haetenus.
775 769 994 852 Transeamus,
1017 770 1044 834 si
1067 769 1178 853 placet,
1200 771 1240 834 ad
1262 789 1329 834 rem

87 905 89 908 -
156 864 354 946 propositam.
391 859 540 926 Vidimus
563 879 637 942 ergo
656 858 838 922 Terentium
857 866 888 923 et
905 861 940 922 in
958 858 1100 923 Andriae
1120 864 1151 923 et
1169 861 1202 923 in
1221 858 1330 924 Heau-

158 952 413 1016 tontimorumeni
440 949 571 1035 prologo
599 969 618 1011 a
645 950 778 1012 crimine
800 949 1075 1033 contaminationis
1098 967 1132 1012 se
1156 948 1329 1013 defendere.

158 1039 280 1104 Horum
303 1041 444 1106 locorum
468 1045 539 1103 uter
560 1039 655 1123 prior,
678 1045 748 1101 uter
770 1038 924 1122 posterior
946 1039 996 1119 sit,
1019 1038 1226 1122 inquiramus.

245 1132 273 1211 a)
299 1129 444 1193 Primum
466 1130 499 1190 in
527 1127 665 1191 Andriae
687 1127 826 1210 prolege,
850 1127 926 1210 quid
950 1128 1017 1210 ipse
1039 1127 1161 1207 fecerit,
1189 1127 1330 1212 quidque

157 1217 336 1283 adversarii
350 1219 409 1282 hoo
433 1218 564 1281 crimine
582 1216 751 1296 affecerint,
773 1214 937 1280 Terentius
956 1223 1101 1280 accurate
1119 1217 1250 1300 exponit
1256 1235 1265 1299 ς
1289 1235 1330 1280 cx

157 1328 219 1392 quo
242 1310 442 1392 perspicuum
469 1312 516 1370 est
539 1309 729 1390 spectatores
754 1305 810 1368 hac
834 1305 873 1368 de
895 1324 930 1368 re
954 1304 992 1368 ad
1017 1305 1096 1368 illud
1120 1311 1244 1389 tempus
1263 1325 1328 1369 om-

155 1401 231 1462 nino
256 1398 336 1461 nihil
359 1397 497 1477 scivisse,
524 1395 705 1459 Terentium
729 1395 826 1477 igitur
849 1395 930 1457 hanc
953 1395 1204 1459 criminationem
1228 1413 1330 1479 usque

154 1487 193 1550 ad
222 1487 254 1549 id
282 1493 407 1570 tempus
432 1505 495 1549 non
522 1503 705 1569 perpessum
728 1501 804 1546 esse.
852 1481 968 1547 Contra
991 1485 1025 1546 in
1048 1483 1329 1548 Heautontimoru-

156 1578 241 1638 meni
276 1577 405 1660 prologo
435 1580 526 1656 poeta
554 1573 632 1635 nihil
661 1573 736 1635 dicit
764 1573 824 1636 nisi
854 1573 942 1636 haee:
976 1572 1143 1637 malivolos
1172 1573 1330 1637 distulisse

124 1667 125 1670 ’
155 1682 298 1726 rumores
329 1682 363 1726 se
393 1664 509 1726 multas
537 1661 766 1725 contaminasse
794 1660 942 1742 Graecas,
972 1682 1089 1746 paucas
1116 1681 1191 1726 vcro
1218 1662 1330 1726 fecisse

156 1750 291 1817 Latinas.
315 1751 378 1816 Hic
396 1753 493 1835 igitur
510 1751 658 1836 prologus
672 1769 745 1816 oum
757 1752 1023 1835 pronuntiaretur,
1046 1756 1235 1836 spectatores
1252 1751 1329 1836 quid

155 1843 378 1922 ,contaminare
401 1840 533 1905 fabulas‘
557 1846 647 1922 esset,
671 1842 839 1904 sciverunt.
876 1839 957 1904 (lum
980 1847 1085 1905 autem
1108 1840 1272 1905 Terentius
1294 1842 1329 1903 in

156 1929 245 1993 nullo
268 1930 330 1994 alio
353 1932 482 2014 prologo
506 1931 545 1994 de
567 1931 832 1994 contaminatione
857 1929 952 1994 verba
974 1930 1081 2012 faciat,
1109 1932 1267 2015 sequitur,
1295 1935 1330 1994 ut

153 2020 293 2083 Andriae
320 2021 485 2104 prologus,
516 2022 632 2104 quippe
660 2021 693 2082 in
723 2039 785 2103 quo
815 2020 874 2082 hoo
901 2018 1018 2083 crimen
1050 2020 1127 2104 quid
1156 2020 1217 2084 sibi
1246 2019 1330 2100 velit,

153 2109 339 2192 explicetur,
362 2109 716 2173 Heautontimorumeni
739 2111 904 2192 prologum
929 2110 1181 2190 antecesserit.³⁸)

241 2198 273 2278 b)
297 2196 421 2263 Deinde
448 2201 481 2262 in
513 2199 652 2262 Andriae
680 2197 809 2283 prologo
838 2197 942 2261 solum
969 2198 1003 2260 id
1026 2198 1222 2261 adversarios
1244 2199 1328 2262 ritu-

152 2305 277 2369 perasse
310 2293 401 2372 poeta
435 2288 524 2367 dicit,
555 2287 640 2370 quod
673 2287 828 2350 Andriam
861 2305 952 2349 suam
984 2306 1026 2350 ex
1058 2286 1182 2350 duabus
1213 2285 1329 2350 fabulis

155 2373 283 2438 Graecis
307 2375 451 2438 effecerit.
487 2373 603 2437 Contra
626 2376 659 2435 in
678 2373 1031 2437 Heautontimorumeni
1053 2375 1183 2458 prologo
1206 2375 1329 2439 nonde

153 2461 220 2524 sola
238 2482 304 2526 una
321 2462 438 2544 fabula,
457 2462 511 2526 sed
530 2463 565 2525 in
583 2463 768 2526 universum
788 2460 827 2524 de
846 2460 994 2524 omnibus
1011 2460 1136 2526 Terenti
1154 2462 1270 2527 fabulis
1289 2464 1328 2526 ad

152 2550 186 2613 id
204 2555 329 2636 tempus
348 2551 438 2615 lactis
457 2570 560 2614 sermo
579 2555 635 2614 est.
670 2549 740 2614 Hac
759 2567 886 2634 quoque
905 2569 947 2612 ex
962 2569 996 2614 re
1011 2551 1183 2626 verisimile
1198 2558 1245 2615 est
1260 2553 1328 2615 An-

153 2639 240 2705 driae
257 2641 426 2727 prologum
445 2646 518 2704 ante
533 2639 885 2705 Heautontimorumeni
900 2640 1066 2724 prologum
1083 2641 1233 2725 scriptum
1252 2661 1328 2706 esse.

242 2732 269 2813 c)
293 2731 426 2795 Accedit
449 2729 529 2794 illud
553 2729 638 2814 quod
661 2732 694 2792 in
714 2729 855 2792 Andriae
877 2729 1007 2813 prologo
1030 2729 1134 2793 solum
1158 2731 1190 2794 id
1212 2730 1328 2795 fatetur

152 2837 186 2882 se
210 2839 291 2904 qnae
314 2811 535 2901 convenerint,
562 2839 604 2882 ex
628 2817 792 2882 Menandri
816 2817 978 2882 Perinthia
1001 2820 1035 2882 in
1058 2821 1214 2884 Andriam
1236 2840 1326 2884 suam

40 2983 41 2988 γ
153 2910 400 2988 „transtulisse“3
418 2915 527 2973 contra
542 2909 575 2971 in
588 2906 1328 2996 Heautontimorumeniprologodicerelv.18):

316 2996 370 3077 „Id
401 3016 469 3060 esse
491 2998 609 3060 lactum
633 2996 675 3077 (h.
699 3015 723 3060 e.
754 2998 988 3077 ,contaminarit
1011 2998 1062 3060 hic
1085 3018 1148 3060 non
1177 3005 1280 3082 negat,

313 3083 425 3170 Neque
452 3104 486 3148 se
509 3086 616 3168 pigere
638 3092 669 3148 et
692 3085 805 3150 deinde
827 3086 984 3149 facturum
1008 3086 1178 3149 autumat“.

244 3174 276 3258 d)
296 3172 443 3258 Denique
463 3172 695 3237 observandum
714 3191 769 3256 est,
788 3174 946 3256 quomodo
961 3172 1126 3238 Terentius
1141 3176 1173 3236 in
1192 3181 1326 3260 utroque

43 3292 45 3303 ·
151 3263 282 3347 prologo
310 3283 344 3328 se
374 3263 528 3328 defendat.
574 3261 699 3326 Etenim
729 3264 761 3325 in
791 3270 926 3346 utroque
948 3262 1078 3346 prologo
1102 3265 1212 3326 eodem
1235 3285 1327 3349 argn-

43 3392 47 3407 ·
152 3359 258 3416 mento
282 3354 404 3428 nititur,
428 3357 535 3416 tamen
561 3352 685 3416 diversa
707 3353 828 3416 ratione
851 3354 965 3429 utitur3
991 3353 1023 3414 in
1048 3351 1102 3415 illo
1126 3353 1255 3438 prologo
1274 3374 1327 3419 eos

151 3447 273 3524 poetas,
303 3443 343 3505 ad
371 3461 465 3526 quos,
497 3443 572 3524 quia
600 3441 660 3523 ipsi
689 3459 817 3523 quoque
843 3439 965 3504 fabulas
993 3461 1067 3505 suas
1096 3442 1206 3506 eodem
1233 3445 1326 3507 modo

152 3533 395 3614 composuerint,
419 3535 577 3615 provocat,
599 3529 790 3592 nominatim
813 3530 948 3612 appellat
971 3525 1011 3616 (v.
1033 3532 1073 3594 18
1097 3532 1169 3615 sq.l:

312 3617 393 3700 „Qui
417 3639 512 3705 quom
537 3619 624 3682 hunc
646 3624 804 3699 accusant,
829 3617 985 3682 Naevium
1010 3619 1160 3683 Plautum
1185 3619 1325 3684 Ennium

311 3710 483 3790 Accusant,
506 3727 586 3792 quos
609 3707 661 3770 hic
684 3715 790 3770 noster
813 3712 955 3772 auctores
979 3707 1098 3789 habet‘,

151 3797 185 3857 in
209 3798 268 3862 hoc
290 3799 420 3882 prologo
443 3796 674 3882 significatione
696 3795 834 3880 appellat
857 3799 897 3879 (v.
917 3799 959 3862 20
983 3800 1057 3882 sq.):

312 3886 434 3962 „Habet
456 3887 613 3951 bonorum
636 3886 828 3970 exemplum,
851 3906 914 3971 quo
937 3888 1082 3971 exemplo
1106 3888 1166 3951 sibi

311 3971 424 4038 Licere
447 3975 479 4038 id
502 3976 604 4040 facere
628 3975 714 4059 quod
736 3975 783 4038 illi
806 3975 948 4039 fecerunt
970 3977 1086 4060 putat‘.

243 4061 302 4126 His
312 4063 463 4145 expositis
477 4063 609 4127 dubium
621 4084 690 4129 esse
704 4065 823 4149 nequit,
840 4066 916 4148 quin
934 4065 1075 4128 Andriae
1092 4067 1241 4150 prologus
1253 4070 1325 4130 ante

151 4161 365 4172 *ᾖ

243 4204 273 4272 ⁸²)
293 4204 328 4258 or.
347 4203 420 4256 intra
436 4219 461 4270 p.
480 4203 522 4256 ss.

243 4277 273 4346 θ’)
293 4277 328 4331 cl.
347 4274 565 4329 Herrmanowski
586 4276 608 4326 1.
628 4290 649 4328 s.
669 4291 690 4328 s.
710 4293 735 4344 p.
755 4276 797 4330 39.

1148 4350 1164 4402 2
