3280 5048
693 319 912 382 -29-

217 501 534 580 Paeolrelmannusiil
556 499 647 565 valde
665 499 884 583 adstipulatur,
902 497 977 561 inde
996 493 1092 560 efficit
1108 498 1275 582 prologum
1294 499 1391 563 Adel-

217 594 352 678 phorum
375 593 407 654 in
437 591 547 674 primis
575 591 704 654 omnino
726 586 851 652 Terenti
877 586 1016 671 prologis
1039 585 1145 650 fuisse.
1184 585 1267 652 Eum
1296 591 1390 654 etiam

217 683 357 767 primum
377 681 521 744 omnium
538 679 637 743 fuisse
655 675 965 756 Herrmanowslri⁶⁴l
984 679 1082 759 putat
1120 673 1211 752 Quod
1229 680 1391 763 concedes,

219 773 247 835 si
270 771 338 835 sola
360 771 437 833 haec
459 768 555 838 verba
577 769 672 852 leges,
695 786 757 831 non
782 768 810 830 si
833 770 936 830 totum
954 766 1120 848 prologum
1136 768 1297 850 respicies3
1318 788 1390 833 cum
1422 821 1424 828 ,

220 860 305 924 enim
328 859 415 922 hunc
437 859 602 942 prologum
625 877 700 922 cum
722 862 793 941 post
816 855 994 939 complures
1012 853 1138 919 Terenti
1156 855 1280 921 fabulas
1299 865 1391 922 antea

220 955 305 1012 actas
324 954 392 1011 tum
417 952 486 1030 post
508 944 893 1011 Heautontimorumenon
917 949 948 1008 et
966 943 1160 1010 Eunuchum
1183 949 1389 1030 compositum

221 1057 289 1102 esse
312 1057 354 1100 ex
376 1037 507 1120 reliquis
531 1036 627 1100 huius
653 1036 776 1120 prologi
805 1033 949 1098 versibus
976 1054 1073 1119 supra
1095 1036 1391 1121 concluserimus‚⁰⁵)

219 1130 297 1191 haec
320 1126 418 1190 verba
436 1125 527 1189 aliter
543 1125 744 1209 percipienda
766 1130 855 1188 sunt:
880 1143 921 1187 ne
939 1123 1016 1188 haec
1035 1125 1164 1208 quidem
1182 1127 1279 1209 igitur
1296 1127 1393 1191 verba

220 1217 258 1280 ad
283 1220 473 1300 spectatores
496 1215 708 1295 instruendos,
731 1214 786 1278 sed
809 1214 849 1276 ad
872 1213 1068 1278 adversarios
1092 1214 1175 1278 diota
1197 1220 1281 1279 sunt.

308 1305 369 1368 His
391 1306 491 1389 igitur
513 1304 590 1368 locis
613 1304 736 1368 collatis
763 1303 966 1367 manifestum
994 1308 1041 1367 est
1064 1304 1205 1368 Andriae
1226 1306 1393 1390 prologum

220 1401 251 1460 et
274 1394 475 1459 Phormionis
498 1399 530 1458 et
552 1393 720 1478 Adelphcn
755 1392 892 1476 prologis
920 1394 1152 1460 antecessisse·
1179 1392 1322 1458 Dubium
1347 1402 1394 1460 est

220 1485 252 1548 id
275 1487 389 1566 solum,
412 1486 494 1548 sitne
514 1482 714 1547 Phormionis
732 1482 821 1546 locus
845 1486 917 1545 ante
936 1479 1105 1565 Adelphon
1128 1482 1234 1548 locum
1258 1487 1394 1570 scriptus

221 1594 261 1638 an
291 1575 361 1638 vice
390 1592 487 1638 versa.
537 1573 589 1637 Ad
617 1572 698 1635 hanc
726 1572 942 1655 quaestionem
974 1571 1156 1636 solvendam
1185 1576 1245 1638 etsi
1272 1583 1395 1648 certum

222 1669 445 1746 argumentum
476 1680 541 1725 non
574 1667 697 1746 praesto
732 1664 792 1743 est,
831 1665 936 1723 tamen
970 1665 1076 1724 utrum
1110 1663 1313 1728 verisimilius
1345 1666 1394 1746 sit,

222 1753 308 1817 haud
329 1754 395 1817 scio
418 1771 459 1816 an
482 1767 672 1835 cognoscere
694 1751 860 1834 possimus,

311 1841 532 1906 Intelleximus
569 1841 654 1905 enim
689 1837 850 1923 probabile
877 1857 946 1903 esse
978 1845 1101 1923 poetam
1131 1841 1165 1904 in
1194 1839 1394 1907 Phormionis

221 1932 352 2017 prologo
375 1931 627 1994 adversariorum
645 1929 777 1993 crimini
800 1947 863 1991 non
887 1928 1095 2013 respondisse.
1134 1930 1300 2015 Adelphon
1320 1951 1395 1996 vero

222 2023 290 2086 loco
313 2021 519 2085 lacessitusne
540 2018 708 2084 Terentius
731 2018 809 2081 haec
832 2017 928 2082 verba
951 2019 1068 2082 dixerit
1089 2038 1200 2101 neone,
1223 2022 1395 2086 diiudicare

222 2131 286 2176 non
309 2129 488 2196 possumus.
535 2109 716 2193 Utrumque
738 2109 837 2191 igitur
858 2109 934 2192 poni
956 2113 1071 2192 potest:

311 2197 432 2276 Quodsi
465 2196 630 2263 Terentius
662 2201 696 2261 in
730 2197 790 2261 hoo
824 2197 954 2282 prologo
989 2197 1241 2264 adversariorum
1275 2202 1394 2264 crimen

222 2291 370 2373 respexit,
392 2287 461 2352 fieri
480 2289 537 2351 vix
554 2292 665 2372 potest,
688 2293 724 2351 ut
742 2287 829 2350 hunc
845 2287 1011 2371 prologum
1031 2293 1104 2352 ante
1121 2288 1212 2352 illum
1231 2309 1395 2374 ponamus.

223 2377 349 2442 Etenim
373 2397 414 2442 ex
437 2375 524 2441 illius
552 2377 675 2461 prologi
703 2395 797 2440 versu
823 2377 863 2439 12
891 2374 1005 2460 „Nunc
1027 2377 1055 2441 si
1078 2379 1150 2461 quis
1174 2383 1229 2459 est,
1258 2381 1314 2462 qui
1338 2379 1397 2443 hoc

224 2468 307 2531 dicat
334 2472 390 2531 aut
416 2467 462 2528 sic
485 2466 616 2549 cogitet“
646 2484 797 2549 apparere
824 2465 950 2529 videtur
977 2467 1137 2530 neminem
1165 2486 1270 2551 usque
1296 2468 1336 2531 ad
1362 2468 1395 2531 id

223 2562 348 2640 tempus
380 2555 456 2620 talia
487 2554 631 2619 Terentio
664 2554 920 2638 exprobravisse3
960 2573 1064 2640 neque
1100 2557 1307 2640 intellegitur,
1340 2577 1397 2623 cur

222 2643 387 2709 Terentius
420 2663 482 2708 non
516 2646 548 2708 in
582 2644 749 2729 Adelphon
785 2645 914 2729 prologo
947 2663 984 2708 ea
1017 2646 1183 2729 protulerit
1210 2652 1397 2730 argumenta

222 2736 417 2818 gravissima,
440 2753 521 2818 quae
543 2736 577 2798 in
597 2732 798 2799 Phormionis
817 2735 946 2818 prologo
969 2736 1012 2815 (v.
1033 2734 1074 2797 16
1092 2754 1138 2819 sq.
1158 2743 1189 2799 et
1207 2756 1236 2802 v.
1255 2737 1296 2799 18
1315 2737 1397 2821 sqq.)

245 2825 347 2888 refert

222 2845 243 2908 p
311 2912 424 2996 Neque
451 2918 556 2976 temen
584 2914 611 2975 si
642 2932 705 2976 non
734 2913 895 2997 respondit
916 2911 1080 2976 Terentius
1107 2913 1166 2976 hoo
1194 2915 1263 2977 loco
1286 2914 1397 2979 adver·

223 3003 379 3063 sariorum
391 3001 525 3079 crimini,
543 2998 705 3083 probabile
719 3003 797 3064 mihi
816 3021 885 3065 esse
904 3002 1030 3064 videtur
1046 3001 1211 3086 Adelphon
1230 3003 1397 3087 prologum

224 3095 297 3152 ante
328 3085 530 3151 Phormionis
563 3086 730 3172 prologum
765 3091 918 3173 scriptum
950 3109 1026 3154 esse.
1080 3090 1223 3178 Utroque
1256 3094 1396 3155 enimin

222 3177 352 3262 prologo
375 3196 410 3241 se
432 3181 655 3260 argumentum
679 3197 742 3241 non
767 3184 968 3243 narraturum
992 3199 1060 3244 esse
1083 3179 1171 3262 dicit3
1196 3181 1397 3245 verisimilius

224 3274 330 3331 autem
350 3285 418 3331 esse
437 3267 515 3330 mihi
529 3267 656 3330 videtur
673 3273 798 3352 poetam
814 3269 847 3330 in
863 3269 966 3352 priore
981 3269 1111 3353 prologo
1126 3270 1186 3333 hac
1202 3271 1240 3334 de
1255 3290 1290 3335 re
1305 3290 1397 3335 accu-

223 3364 289 3420 rate
304 3358 404 3440 egisse
419 3360 669 3440 argumentoque
682 3357 859 3441 protulisse,
874 3358 906 3420 id
919 3359 1003 3442 quod
1013 3360 1046 3421 in
1060 3358 1258 3424 Phormionis
1266 3361 1397 3445 prologo

224 3446 306 3521 fecit,
328 3448 360 3509 in
385 3447 558 3530 posteriore
582 3446 620 3509 de
643 3446 692 3509 his
716 3446 820 3510 verbis
843 3448 959 3531 prioris
980 3448 1102 3532 prologi
1126 3451 1216 3533 quasi
1235 3451 1397 3514 monuisse

224 3535 377 3598 dicentem
418 3533 559 3617 „Dehinc
587 3554 628 3598 ne
655 3538 844 3620 exspectetis
876 3544 1099 3619 argumentum
1138 3538 1263 3602 fabulae
1290 3541 1397 3623 sq.“⁶⁶)

301 3623 375 3687 *Sed
398 3643 439 3687 ne
461 3625 521 3688 hoc
544 3624 672 3708 quidem
697 3633 918 3708 argumentum
941 3645 998 3709 pro
1021 3633 1106 3691 certo
1125 3626 1303 3691 habendum
1329 3647 1398 3692 esse

223 3733 295 3778 cum
320 3713 499 3794 concedam,
522 3733 562 3777 ne
585 3715 618 3776 in
644 3710 729 3777 idem
754 3715 867 3776 vitium
890 3716 1077 3797 incidamus,
1100 3716 1185 3800 quod
1209 3717 1279 3780 aliis
1302 3737 1398 3802 supra

223 3801 447 3884 obiecimus,⁰⁷l
477 3807 549 3866 uter
575 3806 646 3867 utro
672 3803 803 3887 prologo
830 3804 917 3886 prior
943 3806 992 3885 sit,
1025 3806 1059 3867 iu
1087 3807 1191 3869 medio
1215 3805 1397 3890 relinquen-

224 3891 301 3954 dum
324 3897 379 3955 est.
1260 3892 1262 3896 ’

314 4047 422 4172 :plis
442 4065 463 4102 s.
483 4065 508 4116 p.
528 4048 562 4102 32
581 4065 693 4175 slq2qss
751 4049 834 4175 Ι“;)91.
854 4065 875 4102 s.
894 4065 916 4102 s.
935 4066 960 4117 p.
981 4051 1023 4105 38.

314 4119 402 4330 ἓξὲξ
421 4135 605 4332 Ξὲἒῖἓνῇξ
617 4163 649 4330 Sip
669 4136 757 4245 arrb‘elal.5
775 4136 945 4259 noquphilol.
965 4192 1029 4247 XlC
1047 4193 1140 4262 (1865)
1159 4211 1183 4264 p.
1203 4195 1256 4249 290
1274 4213 1313 4264 sq.
