3280 5048
757 329 977 396 ...24-

283 508 395 574 dubias
414 529 491 592 esse,
510 528 572 593 qna
592 527 626 572 re
644 508 820 592 explicatur
838 507 922 571 viros
941 507 1048 570 doctos
1067 505 1164 570 alium
1183 505 1275 568 aliter
1291 504 1329 568 de
1345 504 1453 568 eodem

281 600 411 683 prologo
428 599 625 663 iudicavisse.
661 597 788 661 Etenim
803 596 912 660 eadem
928 594 1024 659 verba
1040 595 1170 659 alterius
1185 593 1302 657 iudicio
1314 593 1456 657 modesta

283 689 491 770 demissaque,
507 687 636 751 alterius
651 682 769 750 iudicio
785 704 913 769 prorsus
929 685 1114 749 immodesta
1128 690 1224 767 atque
1235 702 1317 746 vana
1329 683 1454 762 sunt.⁶⁰)

282 775 405 852 Quibus
418 796 460 840 ex
471 776 549 856 locis
561 777 622 838 viri
635 776 718 840 docti
731 775 816 858 quod
829 776 965 858 quisque
975 774 1087 855 voluit,
1097 771 1231 837 libenter
1242 779 1454 856 sumpserunt

370 865 430 929 His
453 865 551 950 igitur
569 867 764 948 argumentis
782 883 854 927 oum
873 883 986 947 pamm
1005 867 1090 926 certa
1109 866 1192 944 sunt,
1215 860 1307 924 nobis
1326 879 1454 943 prorsus

120 943 124 948 ¹
236 1029 238 1033 ,
280 953 502 1018 abstinendum
527 960 582 1018 est.

365 1063 384 1142 ξ
409 1063 439 1127 3.
478 1059 527 1123 he
550 1063 606 1124 ela
633 1058 870 1140 prologorum
897 1059 989 1123 locis
1013 1056 1155 1138 qulbus
1179 1056 1370 1120 Terentius

628 1148 863 1213 adversarios
887 1147 1109 1228 aggreditur.

375 1237 416 1302 Ut
438 1237 573 1302 Luscius
592 1239 724 1321 eiusque
742 1239 836 1301 amici
854 1236 1045 1316 Terentium,
1070 1238 1113 1299 ita
1132 1237 1183 1299 hic
1200 1233 1272 1298 illos
1291 1233 1454 1298 nonnullis

282 1329 320 1392 de
343 1327 438 1392 rebus
461 1327 648 1411 obiurgavit.
684 1326 828 1390 Primum
845 1326 1073 1410 inquirendum
1091 1331 1147 1408 est,
1171 1342 1235 1408 quo
1253 1325 1312 1388 hae
1330 1323 1454 1388 Terenti

281 1418 314 1479 in
338 1414 489 1480 Luscium
512 1416 747 1481 criminationes
771 1416 961 1499 spectante)

221 1589 225 1595 .
369 1505 408 1568 In
432 1506 572 1569 Andriae
595 1505 724 1590 prologo
748 1509 789 1588 (v.
814 1504 870 1586 21)
892 1503 1058 1568 Terentius
1081 1503 1282 1587 reprehendit
1305 1504 1454 1584 „istorum
1523 1565 1525 1570 .

281 1594 446 1659 obscuram
476 1595 699 1679 diligentiam“,
725 1614 766 1658 ex
795 1593 912 1678 quibus
940 1592 1045 1657 verbis
1069 1601 1099 1656 et
1122 1611 1164 1656 ex
1186 1598 1251 1656 tota
1274 1592 1370 1656 huius
1393 1593 1453 1656 loci

282 1686 438 1748 sententia
457 1690 584 1768 apparet
601 1683 783 1747 Terentium
801 1685 834 1746 id
853 1683 916 1746 ilh‘s
935 1683 1060 1747 crimini
1076 1680 1208 1762 dedisse,
1231 1682 1315 1764 quod
1332 1681 1454 1759 fabulas

282 1773 417 1837 Graecas
440 1773 631 1837 verbotenus
655 1773 890 1857 expressissent.
927 1771 1077 1836 Eiusdem
1103 1773 1146 1834 rei
1170 1770 1358 1834 documento
1379 1777 1454 1834 suut

280 1860 406 1926 Terenti
428 1862 534 1944 verba,
557 1881 640 1945 quae
662 1867 738 1925 sunt
760 1863 793 1923 in
817 1860 965 1924 Eunuchi
989 1860 1117 1944 prologo
1141 1863 1203 1938 (vv.
1229 1856 1311 1945 Tl8):

440 1949 523 2033 „Qut
545 1949 639 2014 bene
662 1950 847 2014 vertendo
871 1955 902 2013 et
925 1951 1051 2014 easdem
1074 1948 1239 2013 scribendo
1262 1947 1343 2010 male

440 2039 491 2103 Ex
515 2040 643 2103 Graecis
667 2038 758 2103 bonis
782 2037 908 2103 Latinas
931 2039 1005 2103 fecit
1027 2058 1091 2102 non
1116 2038 1240 2121 bonas‘,

280 2131 313 2192 in
338 2128 454 2213 quibus
477 2129 536 2192 hoc
559 2128 649 2211 ,bene
671 2127 833 2192 vertendo‘
857 2128 896 2191 ad
917 2129 1004 2192 illam
1024 2127 1228 2211 diligentiam,
1252 2146 1315 2210 qua
1332 2127 1383 2190 usi
1401 2125 1452 2189 ad·

249 2225 251 2270 2
280 2219 412 2282 versarii
429 2218 553 2282 fabulas
573 2217 708 2282 Graecas
727 2222 960 2299 converterunt,
979 2225 1119 2302 spectare
1133 2226 1275 2301 apparet;
1295 2221 1454 2300 praeterea

280 2309 359 2371 haec
390 2307 485 2371 verba
517 2307 652 2390 aliquid·
670 2308 923 2391 reprehensionis
952 2326 1028 2391 prae
1055 2325 1089 2371 se
1116 2307 1218 2370 lerant
1246 2324 1373 2370 neeesse
1401 2309 1456 2369 est.

280 2401 347 2461 Aut
374 2397 471 2480 igitur
493 2396 658 2461 Terentius
682 2398 802 2481 iniquis
825 2397 874 2460 his
899 2415 1026 2480 quoque
1049 2397 1154 2460 verbis
1182 2396 1272 2477 ,bene
1296 2395 1455 2459 vortendo‘

279 2486 365 2550 illam
394 2489 525 2551 nimiam
554 2486 747 2565 diligentiam
764 2485 895 2569 obiecit,
923 2487 957 2549 id
983 2487 1067 2571 quod
1090 2484 1260 2549 Reehricht
1281 2505 1310 2568 p.
1337 2485 1376 2548 37
1402 2485 1455 2565 (=

279 2574 362 2640 Diss.
385 2577 460 2660 phil.
483 2577 560 2659 Arg.
584 2574 635 2638 IX
658 2596 686 2659 p.
712 2576 786 2640 329)
823 2582 927 2659 putat,
955 2585 1010 2640 aut
1038 2594 1093 2659 per
1115 2576 1294 2638 irrisionem
1318 2575 1457 2657 respexit

280 2666 381 2748 ipsius
404 2665 497 2728 Lusci
521 2663 626 2748 verba,
650 2666 705 2748 qui
729 2683 762 2728 se
786 2665 890 2728 solum
908 2664 1032 2728 fabulas
1052 2663 1186 2726 Graecas
1211 2664 1299 2742 ,bene
1317 2664 1456 2744 vertere‘,

279 2753 458 2818 Terentium
480 2774 534 2817 eae
554 2755 785 2835 ,contaminare‘
804 2755 957 2837 gloriatus
976 2764 1051 2833 erat,
1074 2752 1219 2814 simulet
1238 2750 1358 2815 addidit
1377 2751 1455 2816 Lus·

280 2845 366 2907 cium
388 2853 425 2906 ut
449 2842 638 2906 verbotenus
662 2845 801 2925 vertisse,
827 2845 871 2908 ita
893 2842 976 2905 male
999 2843 1170 2926 scripsisse.
1217 2841 1279 2905 Sed
1301 2840 1361 2904 hoo
1384 2846 1456 2905 utut

279 2951 313 2996 se
341 2933 444 3012 habet,
473 2932 624 2996 Luscium
647 2932 770 2998 fabulas
795 2933 930 2997 Graecas
953 2930 1144 2996 verbotenus
1168 2932 1360 3016 expressisse
1383 2931 1455 2994 inde

279 3023 355 3086 satis
384 3024 492 3087 elucet.
538 3021 609 3086 Hoc
636 3042 738 3086 unum
766 3042 840 3087 cum
868 3027 989 3086 oenum
1016 3023 1070 3104 sit,
1101 3024 1259 3105 sequitur,
1291 3026 1325 3084 ut
1354 3029 1456 3084 cetera

279 3113 366 3193 vitia,
389 3132 471 3196 quae
488 3111 653 3176 Terentius
676 3112 885 3196 reprehendit,
908 3131 972 3176 non
996 3119 1060 3175 tam
1083 3114 1116 3174 in
1137 3111 1288 3175 Luscium
1308 3129 1404 3194 quam
1422 3111 1454 3171 in

279 3201 434 3265 Graecum
459 3201 621 3285 exemplar
638 3203 801 3288 cadant,⁶²)
824 3208 862 3266 ut
879 3202 939 3264 hoo
957 3202 1054 3284 igitur
1073 3201 1178 3264 solum
1198 3200 1456 3286 Lusciohcrimini

371 3341 405 3409 Μ)
424 3343 490 3410 Ηοο,
510 3343 540 3395 ut
559 3343 681 3413 exemplo
699 3345 768 3406 utar,
786 3341 997 3412 praeclarissime
1016 3341 1164 3396 illustratur
1182 3341 1300 3394 virorum
1318 3342 1455 3394 doctorum

278 3416 312 3468 de
331 3414 448 3469 Andriae
472 3413 571 3484 prologi
590 3414 712 3468 versibus
731 3414 812 3484 24J27
832 3413 949 3467 iudiciis:
969 3413 1212 3482 Wagneruscnim
1232 3413 1288 3479 (,in,
1307 3411 1373 3465 libro
1392 3411 1455 3464 mis-

277 3485 396 3540 cellaneo
415 3485 485 3539 edite
504 3502 520 3539 a
539 3485 665 3539 societate
685 3485 841 3556 philologioa
853 3485 999 3539 Bonnensi‘
1020 3485 1089 3539 1864
1108 3501 1132 3554 p.
1146 3484 1191 3551 77)
1210 3486 1285 3553 putat
1304 3486 1408 3553 poetam
1423 3483 1455 3536 ad

277 3557 492 3626 desperationem
510 3558 570 3611 fere
591 3557 727 3611 redactum
748 3558 797 3611 hoc
817 3573 922 3626 rogare;
942 3556 1171 3611 Paeckelmannus
1190 3555 1217 3622 (l.
1237 3571 1258 3610 e.
1278 3571 1299 3609 s.
1318 3572 1343 3624 p.
1363 3554 1455 3626 29f31)

276 3628 471 3683 modestissime
499 3630 603 3698 poetam
629 3629 674 3682 hio
701 3628 784 3697 loqni;
813 3629 962 3683 Karstenus
989 3629 1015 3697 (l.
1041 3643 1062 3681 s.
1082 3643 1103 3680 s.
1122 3644 1147 3696 p.
1169 3628 1230 3695 187)
1256 3629 1378 3696 „poetam
1403 3641 1456 3678 non

277 3700 366 3755 levem
395 3700 436 3754 sui
463 3700 591 3754 fiduciam
614 3699 752 3754 declarare
776 3704 822 3754 aut
845 3701 886 3753 sui
905 3716 981 3769 spem
1000 3700 1119 3754 excitare
1138 3699 1207 3768 apud
1226 3700 1397 3768 spectatores,
1416 3699 1456 3750 uti

278 3772 329 3826 fiat
348 3773 377 3824 in
396 3789 440 3826 vv.
460 3771 583 3826 24-28·‘
603 3773 648 3839 (cf.
668 3771 739 3825 idem
758 3789 783 3841 p.
803 3771 876 3836 220).

368 3843 400 3911 ⁶¹)
420 3843 469 3898 His
493 3845 526 3897 de
551 3842 616 3897 locis
640 3843 708 3897 bene
728 3845 843 3912 egerunt
860 3841 1007 3896 Roehricht
1025 3859 1049 3911 p.
1069 3844 1183 3896 31-37.
1224 3841 1346 3908 (Dissert.
1366 3838 1455 3910 philol.
1555 3837 1559 3842 '

278 3917 419 3984 Argentor.
457 3915 499 3968 lX
518 3931 542 3984 p.
562 3914 714 3975 323-329)
734 3917 762 3968 et
778 3914 859 3968 Fabia
876 3913 893 3967 l.
913 3929 934 3967 s.
954 3929 974 3966 s.
995 3930 1019 3982 p.
1038 3912 1188 3968 261-282.

368 3986 401 4055 ”)
421 3986 499 4042 Certe
519 4003 568 4055 per
586 4002 615 4040 se
634 4003 688 4040 non
706 3987 795 4040 minus
814 3985 923 4054 cogitari
936 3987 1024 4053 potest
1039 3985 1193 4039 Terentium
1206 3985 1285 4038 Lusci
1303 3985 1455 4038 universam

278 4058 384 4112 dicendi
410 4059 540 4112 rationem
565 4058 779 4126 reprehendisse,
806 4056 832 4109 id
852 4056 921 4124 quod
940 4057 968 4108 in
988 4057 1136 4114 ,scribendo
1155 4056 1232 4110 male‘
1252 4056 1341 4110 inesse
1360 4058 1455 4124 potest.

278 4129 374 4198 Neque
399 4146 464 4183 vero
490 4131 560 4183 hanc
583 4129 611 4182 in
638 4145 695 4182 rem
722 4129 852 4196 quadrare
879 4130 991 4196 possunt
1008 4129 1116 4182 Terenti
1141 4129 1169 4181 in
1187 4127 1313 4181 Luscium
1337 4128 1457 4193 crimina,

280 4218 347 4270 quae
366 4202 394 4253 in
412 4201 518 4267 Heaut,
538 4200 615 4268 Eun,
635 4200 742 4254 Phorm.
762 4198 876 4269 prologis
894 4198 1021 4269 legrmtur
1036 4201 1084 4270 (of.
1105 4215 1129 4268 p.
1141 4201 1174 4255 25
1188 4205 1246 4267 sep).
1284 4199 1372 4264 Quare
1391 4199 1457 4253 haec

280 4273 346 4327 vitia
364 4272 392 4325 in
411 4273 544 4326 Graecum
563 4269 701 4341 exemplar
719 4271 814 4325 eadere
833 4270 967 4326 videntur.
995 4299 996 4304 κ
