3280 5048
761 312 982 375 ..34-

288 491 340 556 Ex
375 490 492 576 quibus
514 490 702 574 complures,
733 493 817 552 certe
840 489 919 552 duas
944 487 1067 552 fabulas
1088 489 1323 553 'contaminatas
1349 488 1458 555 Heau-

287 582 573 645 tontimorumenos
597 579 801 644 antecessisse
829 599 904 643 cum
926 596 1075 662 apparere
1098 579 1255 660 videatur,
1282 583 1338 642 aut
1360 580 1458 644 Adel·

284 671 407 755 phos²²)
441 674 496 734 aut
528 668 777 751 Eunuchum,'⁸)
816 687 952 752 quarum
980 672 1148 751 utramque
1178 666 1320 731 fabulam
1351 676 1457 734 conta-

282 760 435 823 minatam
457 778 526 823 esse
547 756 713 822 Terentius
737 759 774 821 in
802 758 931 840 prologo
958 757 1026 841 ipse
1048 755 1224 837 confitetur,
1253 762 1327 821 ante
1348 756 1458 822 Heau-v

284 850 573 912 tontimorumenon
593 851 695 912 actam
714 864 781 910 esse
795 847 854 910 viri
875 839 958 910 docti
975 849 1175 930 putavemnt.
1204 844 1267 910 Sed
1284 850 1458 932 utrumque

285 943 316 1001 et
338 937 378 1001 ab
401 939 463 1020 eis,
496 955 577 1021 quae
600 955 642 999 ex
665 936 843 1000 didascaliis
866 942 898 998 et
920 953 961 999 ex
983 935 1121 1019 prologis
1144 935 1316 1018 deprimis
1343 937 1456 1000 harum

284 1026 466 1091 fabularum
493 1025 670 1090 actionibus
698 1026 829 1106 scimus,
858 1024 1004 1089 abhorret
1031 1030 1062 1090 et
1089 1025 1262 1088 dummodo
1285 1025 1340 1089 illa
1361 1025 1457 1090 verba

284 1121 368 1180 recte
399 1117 628 1200 percipiantur,
661 1134 789 1199 prorsus
824 1113 1022 1198 superfluum
1052 1118 1108 1178 est
1151 1113 1247 1178 'Haec
1274 1116 1359 1178 enim
1382 1122 1457 1180 sunt

285 1204 498 1269 observanda:
591 1231 593 1238 ’
891 1253 893 1258 .

374 1293 519 1357 Primum
540 1293 781 1358 memorandum
805 1297 852 1356 est
873 1292 999 1358 Terenti
1021 1293 1217 1357 adversarios
1240 1292 1456 1358 acerbissimos

285 1384 363 1447 haec
385 1383 482 1447 verba
505 1383 633 1447 dixisse.
672 1379 734 1458 Qui
757 1387 925 1467 postquam
945 1382 1099 1446 Andriam
1121 1384 1365 1446 contaminatam
1388 1401 1456 1448 esse

286 1472 521 1554 intellexerunt,
543 1479 652 1536 utrum
675 1479 796 1536 ceterae
819 1490 948 1556 quoque
968 1470 1094 1536 Terenti
1115 1470 1241 1534 fabulae
1263 1474 1456 1537 contamina·

286 1568 336 1625 tae
358 1566 464 1626 essent
486 1580 594 1644 neone,
617 1566 701 1625 certe
725 1562 853 1625 omnino
872 1580 936 1625 non
956 1560 1157 1645 quaerebant,
1176 1561 1296 1644 quique
1313 1581 1456 1627 rumores

285 1670 342 1735 per
363 1651 517 1736 populum
543 1658 752 1735 propagantes
784 1649 976 1714 simulabant
1007 1668 1075 1714 sese
1105 1651 1187 1713 scire
1218 1651 1296 1714 alias
1330 1671 1456 1737 quoque

284 1740 409 1804 Terenti
432 1739 554 1806 fabulas
577 1743 804 1804 contaminatas
834 1757 910 1804 esse.
956 1736 1045 1815 Quae
1072 1758 1146 1803 cum
1173 1738 1217 1803 ita
1245 1741 1321 1822 sint,
1346 1747 1455 1804 utrum

284 1829 413 1911 Hecyra
435 1830 645 1893 contaminata
669 1831 710 1892 sit
732 1847 842 1909 necne,
869 1829 908 1892 ad
932 1828 1012 1893 hanc
1035 1847 1103 1892 rem
1121 1829 1303 1892 solvendam
1325 1831 1454 1893 minime

284 1920 424 1982 interest.
471 1918 653 1982 Adversarii
676 1919 757 1982 hano
785 1917 1079 2002 quoque'Tabnlam
1108 1918 1316 1982 numerabant
1342 1919 1451 1996 ineis,

286 2026 366 2090 quas
388 2006 553 2071 Terentius
576 2026 617 2070 ex
640 2006 856 2091 compluribus
879 2005 995 2070 fabulis
1015 2005 1142 2071 Graecis
1165 2008 1293 2070 fecisset
1411 2057 1413 2060 .

373 2094 497 2160 Deinde
529 2116 603 2160 cum
631 2096 802 2160 adversarii
834 2097 910 2160 baec
937 2095 1035 2161 verba
1067 2097 1214 2178 dixerint,
1240 2113 1293 2158 eos
1319 2094 1455 2156 nimium

285 2185 434 2250 audacter
461 2185 582 2249 locutos
610 2204 678 2250 esse
706 2204 762 2270 per
789 2204 824 2249 se
852 2191 987 2270 apparet.
1033 2184 1103 2250 Hoc
1130 2186 1234 2249 solum
1260 2184 1352 2247 modo
1375 2181 1455 2246 illud

285 2274 419 2356 ,multas‘
445 2274 596 2359 explicari
618 2273 772 2359 potest.⁷⁴)
807 2274 972 2340 Praeterea
990 2274 1077 2338 hunc
1098 2273 1205 2338 locum
1227 2279 1265 2337 ut
1286 2277 1369 2337 recte
1387 2291 1457 2356 per-

284 2365 447 2448 cipiamus,
484 2384 502 2427 a
530 2364 636 2429 verbis
675 2364 771 2448 „dum
792 2364 867 2427 facit
889 2383 1005 2448 paucas
1029 2362 1173 2427 latinas“
1212 2361 1303 2426 nobis
1335 2360 1458 2446 profici·

284 2453 437 2517 scendum
460 2458 522 2517 est:
549 2453 731 2518 Terentium
757 2471 860 2536 usque
883 2453 922 2516 ad
946 2453 1025 2516 illud
1048 2458 1173 2536 tempus
1195 2469 1311 2536 paucas
1329 2449 1456 2514 fabulas

284 2541 412 2605 Latinas
424 2544 586 2626 scripsisse
598 2548 629 2606 et
647 2544 747 2626 egisse
765 2547 897 2621 constat,
911 2542 1004 2606 idest
1020 2541 1175 2605 Andriam
1189 2546 1221 2605 et
1235 2538 1396 2622 Hecyram
1407 2538 1454 2620 (l).

284 2629 370 2693 Huic
398 2633 443 2694 rei
472 2631 643 2695 adversarii
670 2630 828 2710 malitiosi,
856 2631 972 2714 quippe
1000 2632 1056 2715 qui
1083 2629 1209 2694 Terenti
1235 2629 1393 2692 Andriam
1415 2646 1455 2694 ex

285 2718 409 2782 duabus
431 2718 548 2783 tabulis
572 2717 699 2782 Graecis
721 2718 836 2782 factam
859 2738 928 2782 esse
950 2722 1076 2800 scirent,
1099 2718 1299 2803 opponebant
1322 2718 1456 2800 „multas

287 2806 422 2872 Graecas
432 2808 688 2889 contaminasse“,
700 2811 737 2870 ut
749 2809 787 2886 ei,
806 2809 862 2891 qui
878 2808 955 2872 baec
966 2807 1062 2871 verba
1079 2807 1258 2887 audiebant,
1275 2806 1456 2871 Terentium

284 2916 349 2961 non
382 2897 477 2960 modo
510 2916 550 2960 ex
586 2894 670 2960 binis
696 2895 812 2961 fabulis
836 2896 963 2962 Graecis
991 2917 1065 2962 suas
1088 2896 1211 2962 tabulas
1244 2897 1368 2978 fecisse,
1400 2896 1455 2958 sed

284 2989 379 3051 ctiam
391 3005 474 3069 eum,
497 2992 533 3050 ut
550 3005 649 3049 unam
666 2985 808 3049 fabulam
826 2985 977 3050 Latinam
989 2985 1166 3069 conficeret,
1187 2985 1305 3050 multas
1322 2984 1456 3048 Graecas

285 3077 471 3160 compilasse
494 3083 589 3161 atque
606 3075 836 3140 contaminasse
847 3080 1003 3160 putarent.
1040 3073 1125 3152 Quot
1136 3077 1234 3159 igitur
1243 3075 1302 3138 bae
1321 3073 1459 3156 ,multae‘

283 3185 317 3228 re
341 3185 416 3229 vera
437 3165 565 3247 brerint,
587 3166 639 3228 hic
662 3166 791 3228 omnino
814 3164 894 3228 nihil
916 3165 1061 3247 referte)

372 3253 497 3317 Harum
520 3255 655 3318 duarum
683 3273 790 3317 rerum
813 3255 933 3318 ratione
956 3255 1063 3317 habita
1090 3254 1146 3316 illa
1172 3253 1269 3317 verba
1296 3269 1458 3335 „rumores

287 3343 478 3405 distulerunt
505 3343 645 3406 malivoli
674 3339 769 3430 (eum)
802 3343 919 3406 multas
947 3341 1082 3406 Graecas
1110 3344 1352 3422 contaminasse,
1380 3339 1460 3404 dum

282 3431 358 3495 facit
387 3451 503 3516 paucas
525 3430 671 3495 Latinas“
704 3432 762 3494 etsi
797 3431 877 3494 duae
911 3437 1035 3496 tantum
1061 3431 1186 3495 fabulae
1213 3435 1459 3512 antecesserunt,

375 3606 405 3676 ²¹)
424 3606 562 3661 Dziatzko:
581 3607 650 3660 Mus.
669 3607 755 3660 Rben.
774 3621 835 3660 nov.
855 3605 926 3660 XXI
944 3607 1036 3676 (1866)
1055 3623 1079 3677 p.
1099 3606 1188 3678 celeo.
1209 3638 1242 3648 —
1261 3605 1459 3662 Paeolnelmann

282 3678 298 3732 l.
313 3695 333 3732 s.
348 3695 408 3780 sp.
422 3679 530 3804 {313qu
547 3678 635 3804 {sei
657 3677 806 3803 §ilpranns
824 3677 842 3730 l.
856 3693 877 3733 s.
891 3693 912 3732 s.
925 3693 950 3748 p.
964 3678 998 3732 49
1012 3693 1069 3746 sqq.

375 3749 405 3888 ⁷13
424 3821 459 3874 cf.
478 3821 521 3874 Tr.
532 3765 689 3875 'concellita
713 3766 817 3889 {leoque
841 3821 879 3890 (in
897 3820 966 3874 Mus.
985 3821 1072 3874 Rben.
1091 3837 1152 3875 nov.
1172 3821 1243 3875 LVIl
1268 3820 1359 3892 (1902)
1377 3835 1402 3888 p.
1421 3819 1458 3874 49

282 3893 341 3946 adn·
361 3891 412 4044 2⁷33).
425 3962 524 4016 Contra
541 3963 608 4016 nihil
626 3961 699 4017 valet
716 3962 743 4016 id
756 3964 825 4032 quod
837 3962 994 4044 ¹Slnutschius
1010 3963 1039 4017 in
1051 3963 1181 4034 Philologi
1198 3965 1261 4018 tom.
1274 3963 1347 4027 LIX,
1366 3960 1459 4032 (1900)

282 4051 307 4104 p.
327 4035 345 4088 8
362 4034 439 4088 droit:
458 4033 544 4100 „Dass
562 4051 619 4088 wer
636 4034 690 4089 den
702 4034 1020 4090 Heautontimorumenos
1038 4038 1102 4105 (von
1114 4035 1163 4090 der
1174 4035 1284 4104 Hecyra
1296 4033 1459 4105 abgesehen)

283 4105 321 4160 als
339 4106 386 4159 das
404 4104 429 4157 2.
449 4103 532 4158 Stiiolr
550 4106 669 4174 ansieht,
691 4106 739 4159 das
763 4104 908 4174 eigentlich
927 4108 984 4160 erat
1000 4106 1079 4174 jetrt,
1107 4107 1240 4161 nachdem
1258 4123 1290 4161 er
1307 4105 1346 4161 als
1364 4104 1459 4158 lonta-

282 4176 391 4230 miniert
409 4175 540 4230 erwiesen
565 4176 613 4244 ist,
638 4177 848 4246 einigermassen
871 4176 1069 4232 unbedsnklich
1091 4179 1159 4231 ibun
1178 4178 1257 4231 lrann.
1287 4175 1386 4232 Multas
1404 4189 1459 4228 von

284 4248 384 4302 Andria
401 4247 457 4300 und
472 4247 610 4300 Perinthia
628 4246 707 4301 allein
726 4263 759 4301 nu
778 4261 869 4317 sagon,
888 4248 998 4302 durften
1012 4249 1070 4302 sich
1082 4249 1150 4302 doch
1163 4248 1232 4302 wohl
1252 4248 1336 4302 selbst
1347 4246 1459 4301 Terena'
