3280 5048
323 897 442 1008 Natus
465 961 536 1007 sum
560 939 703 1004 Walther
733 939 838 1024 Gecrg
860 937 1032 1009 Friedrich·
1046 935 1156 1019 Meyer
1184 933 1309 1020 Lipsiae
1335 934 1410 999 anni

235 1051 321 1116 1878
340 1051 390 1115 die
408 1047 534 1114 XXVI.
552 1048 670 1112 mensis
688 1047 760 1112 dan.
780 1045 938 1110 driderioo
958 1049 1054 1128 patre,
1078 1063 1173 1129 quem
1192 1043 1269 1106 mihi
1288 1041 1407 1107 abhinc

232 1157 350 1224 multos
372 1174 473 1220 annos
495 1158 694 1239 praematura
716 1158 817 1218 morte
840 1157 985 1237 ereptum
1008 1169 1076 1216 esse
1099 1151 1286 1234 gravissime
1309 1149 1410 1226 doleo,

233 1269 335 1328 matre
343 1261 549 1336 Wilhelmine
560 1280 578 1325 e
589 1267 681 1345 gente
694 1258 844 1346 Moriens,
856 1278 951 1344 quam
962 1259 1069 1322 vivam
1082 1257 1185 1321 adhuc
1196 1258 1249 1342 pio
1260 1260 1412 1340 gratoque

235 1372 341 1435 animo
360 1387 502 1433 veneror.
535 1367 645 1432 Fidem
664 1365 812 1452 profiteor
830 1365 1053 1448 evangelicam.
1071 1363 1263 1428 Litterarum
1279 1363 1412 1448 primor-

235 1478 295 1541 diis
329 1475 471 1540 imbutus
505 1475 645 1539 scholam
677 1472 884 1554 Thomanam,
919 1490 1002 1555 quae
1035 1471 1173 1535 Aemilio
1205 1468 1412 1553 Jungmanno

234 1587 356 1647 rectore
378 1581 478 1663 floret,
500 1599 556 1666 per
579 1599 692 1644 novem
716 1599 816 1643 annos
838 1579 1044 1662 frequentavi.
1426 1561 1428 1566 ’

323 1687 407 1752 Vere
434 1689 510 1750 anni
535 1687 620 1751 1898
648 1687 840 1750 maturitatis
867 1685 1047 1749 testimonio
1075 1685 1251 1748 instructus
1280 1701 1412 1747 numero

234 1791 354 1858 civium
376 1790 477 1855 almae
499 1793 609 1856 matris
631 1792 804 1877 Lipsiensis
827 1792 1003 1876 adscriptus
1027 1810 1099 1855 sum
1122 1795 1153 1855 et
1176 1787 1296 1856 studiis
1310 1789 1412 1875 philo-

235 1900 345 1983 logieis
372 1915 497 1983 operam
526 1900 653 1963 navari.
699 1897 885 1964 Docuerunt
912 1916 962 1963 me
986 1900 1046 1962 viri
1073 1899 1280 1963 illustrissimi
1309 1897 1413 1982 Brug-

235 2025 342 2087 mann,
370 2004 599 2087 Gardthausen,
626 2004 750 2088 Hauclr,
778 2004 910 2087 Heinze,
938 2004 1109 2088 Hoimann,
1137 2005 1229 2088 Hola,
1251 2005 1413 2084 Immisch,

235 2112 435 2196 Jungmann,
468 2111 607 2197 Lipsius,
642 2110 749 2196 Marx,
785 2112 923 2194 Sievers,
958 2111 1160 2194 Studniczha,
1194 2111 1414 2194 Wachsmuth,

236 2218 368 2286 Wundt.

324 2324 492 2389 Praeterea
505 2322 624 2389 sodalis
638 2324 688 2386 fui
702 2326 922 2410 proseminarii
934 2325 1025 2409 Regii
1041 2326 1223 2410 philologici
1239 2327 1412 2391 Immischii

236 2432 385 2516 auspiciis
411 2449 468 2514 per
496 2431 559 2495 duo
588 2431 764 2513 semestris,
791 2450 847 2515 per
875 2451 976 2495 unum
1006 2435 1118 2497 senior.
1164 2432 1244 2498 Inde
1269 2436 1416 2498 tirocinio

237 2539 313 2601 artis
344 2537 550 2622 philologicae
581 2538 767 2622 perfunctus
799 2539 832 2601 in
866 2540 1073 2603 seminarium
1101 2539 1236 2624 Regium
1270 2546 1415 2627 receptus

237 2661 308 2706 sum
336 2647 368 2707 et
394 2644 673 2708 exercitationibus
700 2645 829 2709 interfui
856 2645 975 2710 sodalis
1002 2647 1182 2711 ordinarius
1204 2667 1260 2733 per
1283 2651 1343 2712 tria
1367 2668 1414 2713 se·

235 2751 373 2832 mestria,
395 2768 451 2834 per
473 2747 602 2815 tertium
626 2753 741 2834 senior,
769 2753 952 2837 regentibus
974 2753 1095 2839 lipsio,
1125 2753 1261 2838 Marxio,
1283 2756 1415 2822 Waohs-

238 2855 368 2918 muthio.
413 2855 639 2922 Proseminarii
668 2859 819 2924 theodisci
848 2879 904 2945 per
927 2879 986 2925 sex
1012 2880 1137 2927 menses
1165 2864 1280 2928 sodalis
1305 2865 1352 2929 fui
1376 2866 1414 2930 de

238 2960 383 3027 Bahdero
406 2963 598 3028 moderante.

327 3068 471 3153 Benigne
498 3069 575 3132 mihi
603 3070 726 3134 aditum
755 3079 948 3155 aperuerunt
975 3074 1140 3139 Oichorius
1168 3079 1208 3142 ad
1236 3081 1415 3145 societatem

239 3169 420 3240 historicam
451 3194 507 3260 per
533 3178 594 3240 tria
622 3180 799 3261 semestris,
831 3179 958 3265 Lipsius
986 3182 1024 3245 ad
1052 3184 1233 3248 societatem
1262 3185 1414 3252 Graecam

238 3297 421 3363 perunum,
440 3280 633 3348 Studnioalra
650 3286 690 3348 ad
710 3287 951 3352 exercitationes
970 3289 1223 3375 archaeologicas
1235 3312 1291 3377 per
1303 3314 1414 3359 unum.

329 3383 452 3460 Quibus
479 3389 556 3453 viris
587 3390 826 3458 humanissimis
854 3394 1001 3459 omnibus
1027 3398 1160 3480 gratiam
1189 3398 1288 3464 habeo
1318 3423 1413 3486 quam

238 3490 420 3574 maximam,
442 3493 597 3578 imprimis
620 3503 726 3563 autem
749 3499 941 3584 Immischio,
964 3503 1056 3567 cuius
1078 3509 1142 3568 tres
1165 3523 1222 3590 per
1245 3527 1346 3573 annos
1368 3510 1413 3574 fa-

239 3597 347 3660 mulus
365 3616 450 3661 eram
469 3603 589 3685 quique
607 3606 785 3670 studiorum
802 3627 945 3672 meorum
961 3609 1277 3678 benevolentissimus
1293 3617 1414 3680 exstitit

239 3701 353 3784 fautor,
376 3709 531 3788 quantum
554 3708 695 3794 debeam,
716 3715 896 3797 gratissimo
919 3717 1025 3778 animo
1049 3735 1172 3802 semper
1191 3718 1369 3804 profitebor.

627 4002 1029 4022 -q—-n
