3280 5048
667 367 885 428 -65-

185 550 331 634 prologos
355 549 489 632 scripsit,
512 549 570 611 boc
589 546 789 609 Phormionis
812 545 941 628 prologo
964 545 1080 606 iterum
1103 543 1142 606 de
1159 542 1361 627 prologorum
1479 531 1481 536 ’

186 657 318 702 suorum
349 636 591 722 proprietatibus
623 635 720 698 verba
750 633 874 698 facere?
929 630 1038 716 Neque
1066 651 1140 695 vero
1172 637 1362 716 spectatores

187 730 246 793 hac
268 730 308 792 de
330 745 364 791 re
387 723 489 791 voluit
512 726 649 790 edocere.
689 723 799 788 Restat
821 723 928 804 igitur,
951 726 987 785 ut
1009 722 1265 786 adversariorum
1286 722 1361 784 rati-

188 836 280 882 onem
302 816 456 880 habuerit.
492 814 617 879 Etenim
633 813 808 878 ¹Terentius
832 813 890 876 etsi
914 811 952 875 de
971 810 1060 874 nullo
1079 815 1162 874 certo
1181 815 1363 875 accusatore

188 909 323 990 cogitare
347 906 472 969 videtur
495 904 542 987 (cf.
566 925 595 968 v.
617 903 678 985 12),
701 902 757 966 sed
781 900 876 965 verba
898 901 943 964 ita
963 899 1088 983 profert,
1112 901 1204 984 quasi
1222 901 1362 984 aliquem

189 1001 395 1081 spectatorem
426 995 485 1058 hoe
516 994 719 1079 prologorum
746 1008 861 1075 genere
889 989 1005 1054 offendi
1034 990 1224 1074 suspicetur,
1256 996 1362 1054 tamen

189 1087 342 1150 sententia
370 1089 449 1165 tota,
478 1103 540 1146 non
571 1080 705 1167 singulis
732 1079 840 1145 verbis
868 1079 1056 1143 examinatis
1084 1083 1212 1163 apparet
1237 1084 1362 1162 poetam

189 1175 227 1238 de
250 1173 364 1239 Luscio
384 1172 433 1236 vel
459 1175 587 1236 omnino
607 1172 646 1236 de
665 1170 852 1236 adversariis
871 1170 937 1232 suis
956 1170 1151 1253 cogitavisse.
1186 1165 1260 1232 Hoc
1278 1169 1363 1232 enim

188 1265 325 1347 primum
343 1263 580 1327 demonstratur
595 1265 781 1344 argumento
794 1258 880 1322 illius
892 1257 1007 1342 probri,
1023 1258 1109 1342 quod
1120 1258 1155 1320 in
1167 1263 1217 1321 vv.
1231 1258 1369 1321 13—15-

189 1373 269 1437 quos
291 1373 392 1437 supra
415 1353 598 1434 scripsimus
621 1352 710 1414 inest.
747 1346 872 1424 Quibus
889 1347 994 1411 verbis
1018 1353 1118 1432 ,poeta
1136 1349 1244 1410 novos‘
1268 1366 1362 1431 oppo-
1444 1415 1446 1420 ,

189 1443 277 1506 nitur
299 1447 418 1526 ,poetae
441 1443 557 1504 veteri‘.
599 1439 765 1503 Praeterea
789 1439 847 1500 bac
871 1437 910 1500 de
933 1454 967 1500 re
989 1435 1156 1500 Terentius
1179 1456 1216 1500 60
1239 1436 1363 1520 potissi·
1487 1511 1491 1518 ι

189 1551 277 1593 mum
307 1531 429 1612 prologi
457 1528 526 1591 loco
554 1530 630 1612 egit,
659 1546 722 1612 quo
751 1527 790 1590 de
818 1527 1004 1589 adversariis
1026 1525 1176 1609 loquitur.
1224 1525 1363 1605 Accedit,

191 1619 277 1701 quod
307 1617 380 1680 illos
411 1623 518 1700 poetas
550 1617 711 1701 prologos,
744 1617 799 1700 qui
833 1635 850 1677 a
877 1614 1072 1679 Terentianis
1104 1633 1219 1700 genere
1247 1615 1364 1678 diversi

191 1707 318 1786 luerint,
342 1707 505 1789 scripsisse
528 1710 657 1770 constat
1207 1722 1209 1728 ·

280 1794 389 1858 Restat
407 1799 521 1877 tamen,
539 1800 576 1858 ut
595 1812 794 1879 quaeramus,
812 1794 1050 1877 responderitne
1068 1794 1118 1856 his
1135 1793 1238 1856 verbis
1250 1791 1364 1856 Teren·

191 1886 255 1948 tius
286 1885 538 1947 adversariorum
571 1883 782 1948 criminationi
812 1882 939 1946 cuidam
967 1901 1007 1945 an
1036 1883 1154 1946 crimen
1184 1883 1275 1966 quasi
1303 1881 1364 1946 sibi

191 1975 258 2056 ipse
286 1973 445 2055 obiecerit,
475 1973 560 2056 quod
587 1973 746 2039 refutaret.
797 1969 849 2034 Ex
876 1993 905 2036 v.
927 1973 981 2034 12:
1011 1970 1125 2052 „Nunc
1152 1972 1180 2034 si
1208 1971 1279 2055 quis
1308 1977 1364 2052 est,

191 2064 247 2146 qui
266 2062 325 2124 boc
344 2061 427 2124 dicat
444 2069 500 2125 aut
518 2064 564 2126 sic
582 2063 715 2146 cogitet‘
735 2061 872 2125 dilucide
891 2079 1041 2145 apparere
1056 2060 1190 2125 arbitror
1205 2061 1365 2124 neminem

191 2169 293 2234 usque
318 2150 357 2213 ad
380 2149 459 2213 illud
484 2155 609 2236 tempus
627 2150 774 2236 prologos
791 2149 995 2214 Terentianos
1014 2151 1218 2234 vituperasse,
1240 2154 1364 2232 poetam
1421 2143 1423 2148 ’

190 2247 296 2303 autem
320 2241 472 2322 timuisse,
495 2259 535 2304 ne
559 2242 631 2324 quis
653 2238 866 2322 malignorum
888 2259 966 2303 mox
983 2240 1128 2323 prologos
1148 2258 1223 2303 suos
1241 2239 1365 2323 vitupe-

190 2334 282 2393 raret.
321 2327 483 2392 Praeterea
506 2329 533 2391 si
556 2329 729 2392 adversarii
752 2328 908 2391 eiusmodi
930 2329 1160 2411 vituperatione
1182 2329 1233 2391 usi
1252 2333 1364 2404 essent,

189 2417 355 2480 Terentius
382 2436 456 2479 cum
484 2418 673 2499 gravissima
701 2415 761 2479 sibi
789 2423 988 2500 argumenta,
1016 2416 1132 2500 quibus
1160 2417 1222 2480 tale
1245 2419 1364 2481 crimen

191 2506 350 2584 refutaret,
376 2506 409 2567 in
433 2512 582 2590 promptu
604 2509 719 2587 essent,
748 2524 813 2568 non
836 2504 1006 2584 habuisset,
1034 2525 1092 2568 our
1114 2505 1153 2569 ab
1176 2507 1365 2570 adversariis

194 2597 273 2658 banc
293 2595 545 2659 criminationem
563 2595 717 2679 prolatam
736 2613 804 2658 esse
822 2594 911 2658 nullo
932 2593 1026 2658 verbo
1042 2603 1237 2660 memoraret.
1271 2594 1366 2660 Adde

195 2684 278 2767 quod
290 2685 324 2746 in
336 2683 486 2747 Eunuchi
498 2685 627 2768 prologo
639 2689 730 2769 poeta
742 2684 838 2748 simili
848 2683 942 2767 plane
953 2684 1048 2747 modo
1059 2686 1119 2748 boo
1132 2685 1207 2748 dicit
1219 2686 1283 2765 (1.4
1290 2684 1363 2768 sq.):

351 2771 448 2854 „Tum
471 2775 503 2836 si
527 2774 612 2857 quis
636 2779 707 2855 est,
731 2773 787 2857 qui
811 2774 930 2837 dictum
952 2773 987 2836 in
1010 2792 1044 2837 se
1066 2773 1287 2838 inclementius

351 2861 568 2926 Existumavit
591 2881 668 2945 esse,
691 2864 736 2926 sic
758 2862 946 2927 existumet‘
970 2882 1015 2946 sq.

194 2970 256 3034 quo
288 2951 357 3014 loco
389 2970 462 3014 cum
494 2951 659 3015 lectionem
694 2951 932 3032 „existumabit‘
965 2951 1093 3016 lectioni
1126 2953 1364 3033 „existumavit‘

194 3040 427 3121 praeferendam
456 3058 524 3103 esse
539 3040 803 3104 intellexerimus
827 3041 876 3122 (ef.
899 3060 928 3123 p.
950 3041 989 3103 11
1014 3041 1085 3104 adn.
1111 3042 1175 3122 19),
1202 3047 1365 3105 consenta-

194 3146 288 3192 neum
314 3135 362 3193 est
383 3131 461 3192 haec
484 3128 588 3209 verba,
617 3129 650 3191 in
675 3128 791 3212 quibus
813 3128 939 3212 legatur
961 3129 1061 3193 forma
1084 3129 1183 3192 futuri
1206 3133 1366 3215 temporis,

193 3217 355 3282 referenda
385 3237 454 3282 esse
482 3218 521 3281 ad
549 3237 600 3299 ea,
633 3236 714 3301 quae
740 3216 903 3282 Terentius
931 3220 999 3302 ipso
1026 3219 1086 3283 hoc
1113 3221 1145 3281 in
1173 3219 1304 3304 prologo
1331 3223 1364 3283 in

194 3304 369 3387 Luscium⁸)
400 3308 542 3371 dicturus
569 3308 623 3388 sit,
651 3325 715 3370 non
743 3308 782 3370 ad
805 3305 912 3371 Luscii
939 3309 1072 3371 erimina
1094 3310 1206 3393 priora.
1253 3308 1366 3393 Itaque

193 3412 258 3456 non
277 3400 334 3478 est,
352 3415 408 3459 our
427 3395 616 3460 arbitremur
626 3395 807 3460 Terentium
825 3398 903 3460 haec
915 3415 987 3460 curn
1002 3398 1093 3479 dicat,
1113 3397 1365 3462 adversariorum

88 3483 90 3488 '
194 3482 319 3545 crimini
347 3487 543 3568 respondisse
570 3485 674 3570 priori.
722 3486 764 3548 At
787 3487 854 3549 iure
879 3493 1008 3570 quaeret
1032 3487 1203 3570 quispiam,
1233 3507 1365 3551 curnam

191 3576 285 3655 poeta
317 3575 444 3637 omnino
477 3576 526 3639 de
547 3575 748 3659 prologorum
780 3594 911 3638 suorum
942 3594 1058 3658 genere
1085 3577 1144 3639 boc
1171 3577 1239 3639 loco
1266 3576 1364 3639 verba

192 3661 309 3727 fecerit.
356 3660 429 3738 Qua
456 3665 488 3727 in
514 3665 697 3748 quaestione
715 3681 752 3726 ea
775 3663 879 3746 verba,
908 3664 1025 3748 quibus
1047 3670 1140 3748 poeta
1163 3665 1295 3728 erimina
1319 3666 1366 3728 di·

193 3748 253 3814 luit
276 3753 538 3836 adversariorum,
561 3758 682 3838 oportet
705 3753 952 3817 considerentur.
994 3753 1032 3816 In
1057 3752 1257 3817 Phormionis
1280 3755 1365 3817 enim

193 3841 321 3923 prologo
346 3842 420 3905 dicit
444 3847 484 3925 (v.
505 3843 545 3904 16
569 3844 640 3926 sq.):
689 3843 739 3923 „in
763 3841 867 3904 medio
890 3841 1037 3906 omnibus

353 3931 496 3994 Palmam
519 3949 588 3994 esse
610 3933 752 4014 positam,
777 3933 831 4014 qui
855 3937 954 3994 artem
977 3936 1112 3995 tractant
1135 3933 1318 4014 musicam“,

192 4017 280 4080 addit
302 4024 408 4082 autem
433 4021 508 4083 haec
532 4026 574 4104 (v.
595 4020 636 4083 18
660 4021 733 4104 sq.):

283 4156 304 4224 ⁸)
322 4157 449 4211 Luscium
468 4160 540 4212 enim
560 4174 624 4212 voce
644 4159 685 4226 „si
704 4159 780 4226 (11111ιι
804 4159 950 4230 significari
968 4161 1142 4214 manifestum
1161 4129 1209 4214 est.
1242 4161 1366 4215 0111011-

192 4228 254 4281 cinii
273 4229 378 4297 ,quaest
395 4228 510 4283 Terent!
534 4229 626 4297 (Turin
645 4229 741 4298 1893),
770 4232 845 4286 cuius
868 4231 1029 4287 sententiam
1054 4248 1088 4298 err
1107 4231 1219 4287 Hanleri
1237 4231 1366 4287 relatione

193 4299 303 4368 cognovi
322 4298 404 4365 (Berl.
423 4299 473 4354 Ph.
493 4299 686 4356 Woohensohr.
707 4301 776 4356 1895
795 4302 838 4372 Sp.
857 4301 929 4370 etv).
1275 4301 1276 4308 ’

1189 4394 1205 4446 b
