<?xml version="1.0" encoding="UTF-8"?>
<!DOCTYPE html PUBLIC "-//W3C//DTD XHTML 1.0 Transitional//EN"
    "http://www.w3.org/TR/xhtml1/DTD/xhtml1-transitional.dtd">
<html xmlns="http://www.w3.org/1999/xhtml" xml:lang="en" lang="en">
 <head>
  <title>
</title>
<meta http-equiv="Content-Type" content="text/html;charset=utf-8" />
  <meta name='ocr-system' content='tesseract 3.04.00' />
  <meta name='ocr-capabilities' content='ocr_page ocr_carea ocr_par ocr_line ocrx_word'/>
</head>
<body>
  <div class='ocr_page' id='page_1' title='image "./quaestionestere00meyegoog_0034.png"; bbox 0 0 3280 5048; ppageno 0'>
   <div class='ocr_carea' id='block_1_1' title="bbox 688 349 907 416">
    <p class='ocr_par' dir='ltr' id='par_1_1' title="bbox 688 349 907 416">
     <span class='ocr_line' id='line_1_1' title="bbox 688 349 907 416; baseline 0 -14"><span class='ocrx_word' id='word_1_1' title='bbox 688 349 907 416; x_wconf 79' lang='lat'><strong>-27-</strong></span> 
     </span>
    </p>
   </div>
   <div class='ocr_carea' id='block_1_2' title="bbox 212 528 1392 3462">
    <p class='ocr_par' dir='ltr' id='par_1_2' title="bbox 371 528 1236 774">
     <span class='ocr_line' id='line_1_2' title="bbox 371 528 1236 614; baseline -0.005 -18"><span class='ocrx_word' id='word_1_2' title='bbox 371 528 505 596; x_wconf 79' lang='lat' dir='ltr'><strong>Habeo</strong></span> <span class='ocrx_word' id='word_1_3' title='bbox 528 531 603 594; x_wconf 83' lang='lat' dir='ltr'><strong>elie</strong></span> <span class='ocrx_word' id='word_1_4' title='bbox 626 529 758 611; x_wconf 83' lang='lat' dir='ltr'><strong>multe,</strong></span> <span class='ocrx_word' id='word_1_5' title='bbox 782 547 863 614; x_wconf 91' lang='lat' dir='ltr'><strong>quae</strong></span> <span class='ocrx_word' id='word_1_6' title='bbox 887 547 975 594; x_wconf 90' lang='lat' dir='ltr'><strong>nuno</strong></span> <span class='ocrx_word' id='word_1_7' title='bbox 997 528 1236 608; x_wconf 75' lang='lat' dir='ltr'>condonabitur,</span> 
     </span>
     <span class='ocr_line' id='line_1_3' title="bbox 373 619 1121 704; baseline -0.003 -20"><span class='ocrx_word' id='word_1_8' title='bbox 373 619 463 697; x_wconf 74' lang='lat' dir='ltr'><strong>Quae</strong></span> <span class='ocrx_word' id='word_1_9' title='bbox 485 619 686 704; x_wconf 82' lang='lat' dir='ltr'><strong>proferentur</strong></span> <span class='ocrx_word' id='word_1_10' title='bbox 706 622 786 704; x_wconf 89' lang='lat' dir='ltr'><strong>post,</strong></span> <span class='ocrx_word' id='word_1_11' title='bbox 808 619 836 682; x_wconf 90' lang='lat' dir='ltr'><strong>si</strong></span> <span class='ocrx_word' id='word_1_12' title='bbox 858 623 966 703; x_wconf 90' lang='lat' dir='ltr'><strong>perget</strong></span> <span class='ocrx_word' id='word_1_13' title='bbox 989 619 1121 700; x_wconf 80' lang='lat' dir='ltr'><strong>loedere,</strong></span> 
     </span>
     <span class='ocr_line' id='line_1_4' title="bbox 374 707 1091 774; baseline -0.004 -2"><span class='ocrx_word' id='word_1_14' title='bbox 374 709 424 774; x_wconf 87' lang='lat' dir='ltr'><strong>Ite</strong></span> <span class='ocrx_word' id='word_1_15' title='bbox 446 713 485 773; x_wconf 93' lang='lat' dir='ltr'><strong>ut</strong></span> <span class='ocrx_word' id='word_1_16' title='bbox 505 708 608 773; x_wconf 83' lang='lat' dir='ltr'><strong>iacere</strong></span> <span class='ocrx_word' id='word_1_17' title='bbox 625 707 789 772; x_wconf 87' lang='lat' dir='ltr'><strong>instituit“</strong></span> <span class='ocrx_word' id='word_1_18' title='bbox 1088 735 1091 748; x_wconf 91' lang='lat'>·</span> 
     </span>
    </p>

    <p class='ocr_par' dir='ltr' id='par_1_3' title="bbox 304 797 1101 883">
     <span class='ocr_line' id='line_1_5' title="bbox 304 797 1101 883; baseline -0.005 -21"><span class='ocrx_word' id='word_1_19' title='bbox 304 800 335 880; x_wconf 84' lang='lat'><strong>4)</strong></span> <span class='ocrx_word' id='word_1_20' title='bbox 358 799 485 863; x_wconf 93' lang='lat' dir='ltr'><strong>Phorm.</strong></span> <span class='ocrx_word' id='word_1_21' title='bbox 509 800 571 878; x_wconf 78' lang='lat' dir='ltr'><strong>(rr.</strong></span> <span class='ocrx_word' id='word_1_22' title='bbox 597 797 712 883; x_wconf 71' lang='lat' dir='ltr'><em>19s233</em></span> <span class='ocrx_word' id='word_1_23' title='bbox 736 797 891 881; x_wconf 81' lang='lat' dir='ltr'><strong>imprimis</strong></span> <span class='ocrx_word' id='word_1_24' title='bbox 911 817 939 859; x_wconf 87' lang='lat' dir='ltr'><strong>v.</strong></span> <span class='ocrx_word' id='word_1_25' title='bbox 965 797 1006 860; x_wconf 83' lang='lat'><strong>22</strong></span> <span class='ocrx_word' id='word_1_26' title='bbox 1031 800 1101 881; x_wconf 77' lang='lat' dir='ltr'><strong>sql:</strong></span> 
     </span>
    </p>

    <p class='ocr_par' dir='ltr' id='par_1_4' title="bbox 374 885 1238 1060">
     <span class='ocr_line' id='line_1_6' title="bbox 374 885 1238 969; baseline -0.005 -19"><span class='ocrx_word' id='word_1_27' title='bbox 374 885 444 969; x_wconf 91' lang='lat' dir='ltr'><strong>„De</strong></span> <span class='ocrx_word' id='word_1_28' title='bbox 466 885 534 951; x_wconf 93' lang='lat' dir='ltr'><strong>illo</strong></span> <span class='ocrx_word' id='word_1_29' title='bbox 557 888 630 950; x_wconf 86' lang='lat' dir='ltr'><strong>iem</strong></span> <span class='ocrx_word' id='word_1_30' title='bbox 653 887 769 950; x_wconf 89' lang='lat' dir='ltr'><strong>finem</strong></span> <span class='ocrx_word' id='word_1_31' title='bbox 791 886 928 950; x_wconf 88' lang='lat' dir='ltr'><strong>faciam</strong></span> <span class='ocrx_word' id='word_1_32' title='bbox 953 886 1110 950; x_wconf 87' lang='lat' dir='ltr'><strong>dicundi</strong></span> <span class='ocrx_word' id='word_1_33' title='bbox 1132 885 1238 965; x_wconf 90' lang='lat' dir='ltr'><strong>mihi,</strong></span> 
     </span>
     <span class='ocr_line' id='line_1_7' title="bbox 374 972 1204 1060; baseline -0.001 -19"><span class='ocrx_word' id='word_1_34' title='bbox 374 976 531 1041; x_wconf 89' lang='lat' dir='ltr'><strong>Peccandi</strong></span> <span class='ocrx_word' id='word_1_35' title='bbox 555 994 652 1060; x_wconf 93' lang='lat' dir='ltr'><strong>quom</strong></span> <span class='ocrx_word' id='word_1_36' title='bbox 674 977 742 1059; x_wconf 91' lang='lat' dir='ltr'><strong>ipse</strong></span> <span class='ocrx_word' id='word_1_37' title='bbox 764 975 804 1038; x_wconf 90' lang='lat' dir='ltr'><strong>de</strong></span> <span class='ocrx_word' id='word_1_38' title='bbox 826 992 860 1039; x_wconf 93' lang='lat' dir='ltr'><strong>se</strong></span> <span class='ocrx_word' id='word_1_39' title='bbox 882 973 978 1038; x_wconf 88' lang='lat' dir='ltr'><strong>finem</strong></span> <span class='ocrx_word' id='word_1_40' title='bbox 1002 994 1066 1039; x_wconf 94' lang='lat' dir='ltr'><strong>non</strong></span> <span class='ocrx_word' id='word_1_41' title='bbox 1089 972 1204 1040; x_wconf 67' lang='lat' dir='ltr'><strong>notit</strong></span> 
     </span>
    </p>

    <p class='ocr_par' dir='ltr' id='par_1_5' title="bbox 212 1061 1390 2128">
     <span class='ocr_line' id='line_1_8' title="bbox 303 1061 1390 1150; baseline -0.002 -22"><span class='ocrx_word' id='word_1_42' title='bbox 303 1066 340 1128; x_wconf 91' lang='lat' dir='ltr'><strong>In</strong></span> <span class='ocrx_word' id='word_1_43' title='bbox 364 1064 466 1130; x_wconf 90' lang='lat' dir='ltr'><strong>tribus</strong></span> <span class='ocrx_word' id='word_1_44' title='bbox 483 1065 710 1150; x_wconf 76' lang='lat' dir='ltr'><strong>posterioribus</strong></span> <span class='ocrx_word' id='word_1_45' title='bbox 727 1063 866 1148; x_wconf 88' lang='lat' dir='ltr'><strong>prologis</strong></span> <span class='ocrx_word' id='word_1_46' title='bbox 885 1082 958 1127; x_wconf 91' lang='lat' dir='ltr'><strong>cum</strong></span> <span class='ocrx_word' id='word_1_47' title='bbox 978 1082 1012 1128; x_wconf 86' lang='lat' dir='ltr'><strong>se</strong></span> <span class='ocrx_word' id='word_1_48' title='bbox 1030 1064 1122 1148; x_wconf 84' lang='lat' dir='ltr'><strong>plura</strong></span> <span class='ocrx_word' id='word_1_49' title='bbox 1141 1062 1191 1127; x_wconf 85' lang='lat' dir='ltr'><strong>vel</strong></span> <span class='ocrx_word' id='word_1_50' title='bbox 1204 1061 1305 1126; x_wconf 79' lang='lat' dir='ltr'><strong>multe</strong></span> <span class='ocrx_word' id='word_1_51' title='bbox 1327 1061 1390 1126; x_wconf 81' lang='lat' dir='ltr'><strong>alio</strong></span> 
     </span>
     <span class='ocr_line' id='line_1_9' title="bbox 213 1150 1389 1240; baseline -0.005 -21"><span class='ocrx_word' id='word_1_52' title='bbox 213 1154 413 1240; x_wconf 89' lang='lat' dir='ltr'><strong>prolaturum</strong></span> <span class='ocrx_word' id='word_1_53' title='bbox 432 1172 501 1218; x_wconf 89' lang='lat' dir='ltr'><strong>esse</strong></span> <span class='ocrx_word' id='word_1_54' title='bbox 521 1158 612 1238; x_wconf 89' lang='lat' dir='ltr'><strong>poeta</strong></span> <span class='ocrx_word' id='word_1_55' title='bbox 631 1153 722 1235; x_wconf 84' lang='lat' dir='ltr'><strong>dicat,</strong></span> <span class='ocrx_word' id='word_1_56' title='bbox 745 1155 900 1237; x_wconf 89' lang='lat' dir='ltr'><strong>sequitur,</strong></span> <span class='ocrx_word' id='word_1_57' title='bbox 922 1159 959 1217; x_wconf 93' lang='lat' dir='ltr'><strong>ut</strong></span> <span class='ocrx_word' id='word_1_58' title='bbox 978 1152 1016 1217; x_wconf 91' lang='lat' dir='ltr'><strong>de</strong></span> <span class='ocrx_word' id='word_1_59' title='bbox 1031 1153 1285 1217; x_wconf 83' lang='lat' dir='ltr'><strong>adversariorum</strong></span> <span class='ocrx_word' id='word_1_60' title='bbox 1302 1150 1389 1214; x_wconf 85' lang='lat' dir='ltr'><strong>vitiis</strong></span> 
     </span>
     <span class='ocr_line' id='line_1_10' title="bbox 213 1239 1388 1326; baseline -0.006 -18"><span class='ocrx_word' id='word_1_61' title='bbox 213 1249 306 1309; x_wconf 89' lang='lat' dir='ltr'><strong>antea</strong></span> <span class='ocrx_word' id='word_1_62' title='bbox 329 1243 426 1308; x_wconf 86' lang='lat' dir='ltr'><strong>verba</strong></span> <span class='ocrx_word' id='word_1_63' title='bbox 451 1243 574 1322; x_wconf 81' lang='lat' dir='ltr'><strong>fecerit3</strong></span> <span class='ocrx_word' id='word_1_64' title='bbox 605 1242 722 1307; x_wconf 89' lang='lat' dir='ltr'><strong>obiecit</strong></span> <span class='ocrx_word' id='word_1_65' title='bbox 749 1251 856 1307; x_wconf 91' lang='lat' dir='ltr'><strong>autem</strong></span> <span class='ocrx_word' id='word_1_66' title='bbox 883 1248 974 1326; x_wconf 91' lang='lat' dir='ltr'><strong>poeta</strong></span> <span class='ocrx_word' id='word_1_67' title='bbox 1002 1242 1189 1306; x_wconf 79' lang='lat' dir='ltr'><strong>adversariis</strong></span> <span class='ocrx_word' id='word_1_68' title='bbox 1217 1239 1388 1326; x_wconf 82' lang='lat' dir='ltr'><strong>probrain</strong></span> 
     </span>
     <span class='ocr_line' id='line_1_11' title="bbox 212 1327 1388 1417; baseline -0.007 -19"><span class='ocrx_word' id='word_1_69' title='bbox 212 1333 334 1398; x_wconf 88' lang='lat' dir='ltr'><strong>eisdem</strong></span> <span class='ocrx_word' id='word_1_70' title='bbox 356 1333 494 1417; x_wconf 90' lang='lat' dir='ltr'><strong>prologis</strong></span> <span class='ocrx_word' id='word_1_71' title='bbox 518 1331 643 1414; x_wconf 82' lang='lat' dir='ltr'><strong>(Heaut.</strong></span> <span class='ocrx_word' id='word_1_72' title='bbox 663 1333 740 1415; x_wconf 90' lang='lat' dir='ltr'><strong>prol.</strong></span> <span class='ocrx_word' id='word_1_73' title='bbox 759 1350 789 1396; x_wconf 80' lang='lat' dir='ltr'><strong>r.</strong></span> <span class='ocrx_word' id='word_1_74' title='bbox 810 1333 852 1395; x_wconf 88' lang='grc'><strong>30</strong></span> <span class='ocrx_word' id='word_1_75' title='bbox 871 1351 949 1415; x_wconf 83' lang='lat' dir='ltr'><strong>sqq,</strong></span> <span class='ocrx_word' id='word_1_76' title='bbox 971 1330 1053 1394; x_wconf 88' lang='lat' dir='ltr'><strong>Eun.</strong></span> <span class='ocrx_word' id='word_1_77' title='bbox 1073 1351 1103 1396; x_wconf 83' lang='lat' dir='ltr'><strong>v.</strong></span> <span class='ocrx_word' id='word_1_78' title='bbox 1124 1331 1141 1392; x_wconf 82' lang='grc'><strong>7</strong></span> <span class='ocrx_word' id='word_1_79' title='bbox 1161 1349 1240 1415; x_wconf 80' lang='lat' dir='ltr'><strong>sqq,</strong></span> <span class='ocrx_word' id='word_1_80' title='bbox 1262 1327 1388 1393; x_wconf 93' lang='lat' dir='ltr'><strong>Phorm.</strong></span> 
     </span>
     <span class='ocr_line' id='line_1_12' title="bbox 212 1417 1388 1506; baseline -0.003 -21"><span class='ocrx_word' id='word_1_81' title='bbox 212 1443 242 1488; x_wconf 85' lang='lat' dir='ltr'><strong>r.</strong></span> <span class='ocrx_word' id='word_1_82' title='bbox 252 1423 275 1485; x_wconf 63' lang='grc'><strong>’6</strong></span> <span class='ocrx_word' id='word_1_83' title='bbox 292 1423 383 1506; x_wconf 81' lang='lat' dir='ltr'><strong>sqq).</strong></span> <span class='ocrx_word' id='word_1_84' title='bbox 416 1419 533 1485; x_wconf 81' lang='lat' dir='ltr'><strong>Contra</strong></span> <span class='ocrx_word' id='word_1_85' title='bbox 548 1422 581 1484; x_wconf 93' lang='lat' dir='ltr'><strong>in</strong></span> <span class='ocrx_word' id='word_1_86' title='bbox 599 1421 740 1485; x_wconf 80' lang='lat' dir='ltr'><strong>Andriae</strong></span> <span class='ocrx_word' id='word_1_87' title='bbox 755 1421 884 1505; x_wconf 83' lang='lat' dir='ltr'>prologo</span> <span class='ocrx_word' id='word_1_88' title='bbox 899 1419 1073 1503; x_wconf 79' lang='lat' dir='ltr'><strong>Terentius,</strong></span> <span class='ocrx_word' id='word_1_89' title='bbox 1091 1422 1151 1484; x_wconf 87' lang='lat' dir='ltr'><strong>etsi</strong></span> <span class='ocrx_word' id='word_1_90' title='bbox 1166 1424 1333 1503; x_wconf 89' lang='lat' dir='ltr'><strong>postquam</strong></span> <span class='ocrx_word' id='word_1_91' title='bbox 1350 1417 1388 1481; x_wconf 89' lang='lat' dir='ltr'><strong>ab</strong></span> 
     </span>
     <span class='ocr_line' id='line_1_13' title="bbox 213 1509 1390 1593; baseline -0.005 -18"><span class='ocrx_word' id='word_1_92' title='bbox 213 1512 468 1576; x_wconf 81' lang='lat' dir='ltr'><strong>adversariorum</strong></span> <span class='ocrx_word' id='word_1_93' title='bbox 492 1511 625 1574; x_wconf 90' lang='lat' dir='ltr'><strong>crimine</strong></span> <span class='ocrx_word' id='word_1_94' title='bbox 648 1529 682 1574; x_wconf 89' lang='lat' dir='ltr'><strong>se</strong></span> <span class='ocrx_word' id='word_1_95' title='bbox 706 1510 855 1589; x_wconf 86' lang='lat' dir='ltr'><strong>defendit,</strong></span> <span class='ocrx_word' id='word_1_96' title='bbox 879 1528 913 1573; x_wconf 86' lang='lat' dir='ltr'><strong>se</strong></span> <span class='ocrx_word' id='word_1_97' title='bbox 935 1528 1045 1574; x_wconf 90' lang='lat' dir='ltr'><strong>eorum</strong></span> <span class='ocrx_word' id='word_1_98' title='bbox 1069 1527 1198 1593; x_wconf 92' lang='lat' dir='ltr'><strong>quoque</strong></span> <span class='ocrx_word' id='word_1_99' title='bbox 1215 1509 1294 1572; x_wconf 81' lang='lat' dir='ltr'><strong>vitia</strong></span> <span class='ocrx_word' id='word_1_100' title='bbox 1313 1525 1390 1570; x_wconf 84' lang='lat' dir='ltr'><strong>mox</strong></span> 
     </span>
     <span class='ocr_line' id='line_1_14' title="bbox 213 1597 1387 1685; baseline -0.005 -21"><span class='ocrx_word' id='word_1_101' title='bbox 213 1601 411 1685; x_wconf 79' lang='lat' dir='ltr'><strong>prolaturum</strong></span> <span class='ocrx_word' id='word_1_102' title='bbox 435 1617 504 1664; x_wconf 90' lang='lat' dir='ltr'><strong>esse</strong></span> <span class='ocrx_word' id='word_1_103' title='bbox 522 1601 671 1681; x_wconf 91' lang='lat' dir='ltr'><strong>minatur,</strong></span> <span class='ocrx_word' id='word_1_104' title='bbox 689 1604 795 1664; x_wconf 84' lang='lat' dir='ltr'><strong>tamen</strong></span> <span class='ocrx_word' id='word_1_105' title='bbox 815 1618 879 1662; x_wconf 91' lang='lat' dir='ltr'><strong>non</strong></span> <span class='ocrx_word' id='word_1_106' title='bbox 894 1599 961 1682; x_wconf 88' lang='lat' dir='ltr'><strong>ipse</strong></span> <span class='ocrx_word' id='word_1_107' title='bbox 985 1598 1178 1682; x_wconf 87' lang='lat' dir='ltr'><strong>aggreditur;</strong></span> <span class='ocrx_word' id='word_1_108' title='bbox 1197 1599 1275 1680; x_wconf 93' lang='lat' dir='ltr'><strong>quin</strong></span> <span class='ocrx_word' id='word_1_109' title='bbox 1295 1597 1387 1660; x_wconf 81' lang='lat' dir='ltr'><strong>etiam</strong></span> 
     </span>
     <span class='ocr_line' id='line_1_15' title="bbox 216 1685 1390 1771; baseline -0.005 -19"><span class='ocrx_word' id='word_1_110' title='bbox 216 1708 258 1752; x_wconf 83' lang='lat' dir='ltr'><strong>ex</strong></span> <span class='ocrx_word' id='word_1_111' title='bbox 286 1688 334 1752; x_wconf 87' lang='lat' dir='ltr'><strong>his</strong></span> <span class='ocrx_word' id='word_1_112' title='bbox 362 1687 467 1753; x_wconf 88' lang='lat' dir='ltr'><strong>verbis</strong></span> <span class='ocrx_word' id='word_1_113' title='bbox 494 1690 535 1769; x_wconf 89' lang='lat' dir='ltr'><strong>(v.</strong></span> <span class='ocrx_word' id='word_1_114' title='bbox 560 1688 601 1751; x_wconf 83' lang='lat'><strong>22</strong></span> <span class='ocrx_word' id='word_1_115' title='bbox 625 1690 684 1770; x_wconf 92' lang='lat' dir='ltr'><strong>sq.)</strong></span> <span class='ocrx_word' id='word_1_116' title='bbox 712 1688 875 1771; x_wconf 90' lang='lat' dir='ltr'><strong>„desinant</strong></span> <span class='ocrx_word' id='word_1_117' title='bbox 901 1688 984 1751; x_wconf 90' lang='lat' dir='ltr'><strong>male</strong></span> <span class='ocrx_word' id='word_1_118' title='bbox 1010 1687 1129 1769; x_wconf 92' lang='lat' dir='ltr'><strong>dicere,</strong></span> <span class='ocrx_word' id='word_1_119' title='bbox 1160 1685 1322 1750; x_wconf 76' lang='lat' dir='ltr'><strong>malefacte</strong></span> <span class='ocrx_word' id='word_1_120' title='bbox 1349 1703 1390 1747; x_wconf 90' lang='lat' dir='ltr'><strong>ne</strong></span> 
     </span>
     <span class='ocr_line' id='line_1_16' title="bbox 217 1776 1390 1862; baseline -0.003 -22"><span class='ocrx_word' id='word_1_121' title='bbox 217 1777 433 1842; x_wconf 86' lang='lat' dir='ltr'><strong>noscantsua“</strong></span> <span class='ocrx_word' id='word_1_122' title='bbox 453 1777 591 1841; x_wconf 90' lang='lat' dir='ltr'><strong>dilucide</strong></span> <span class='ocrx_word' id='word_1_123' title='bbox 610 1795 759 1862; x_wconf 88' lang='lat' dir='ltr'><strong>apparere</strong></span> <span class='ocrx_word' id='word_1_124' title='bbox 777 1778 855 1840; x_wconf 89' lang='lat' dir='ltr'><strong>mihi</strong></span> <span class='ocrx_word' id='word_1_125' title='bbox 873 1777 1000 1841; x_wconf 85' lang='lat' dir='ltr'><strong>ridetur</strong></span> <span class='ocrx_word' id='word_1_126' title='bbox 1017 1776 1196 1840; x_wconf 88' lang='lat' dir='ltr'><strong>Terentium</strong></span> <span class='ocrx_word' id='word_1_127' title='bbox 1214 1793 1268 1839; x_wconf 91' lang='lat' dir='ltr'><strong>eos</strong></span> <span class='ocrx_word' id='word_1_128' title='bbox 1286 1791 1390 1857; x_wconf 90' lang='lat' dir='ltr'><strong>usque</strong></span> 
     </span>
     <span class='ocr_line' id='line_1_17' title="bbox 215 1864 1390 1952; baseline -0.004 -22"><span class='ocrx_word' id='word_1_129' title='bbox 215 1867 256 1930; x_wconf 92' lang='lat' dir='ltr'><strong>ad</strong></span> <span class='ocrx_word' id='word_1_130' title='bbox 289 1865 370 1930; x_wconf 93' lang='lat' dir='ltr'><strong>illud</strong></span> <span class='ocrx_word' id='word_1_131' title='bbox 404 1872 530 1952; x_wconf 90' lang='lat' dir='ltr'><strong>tempus</strong></span> <span class='ocrx_word' id='word_1_132' title='bbox 563 1869 693 1930; x_wconf 94' lang='lat' dir='ltr'><strong>omnino</strong></span> <span class='ocrx_word' id='word_1_133' title='bbox 721 1885 786 1930; x_wconf 91' lang='lat' dir='ltr'><strong>non</strong></span> <span class='ocrx_word' id='word_1_134' title='bbox 814 1884 997 1951; x_wconf 83' lang='lat' dir='ltr'><strong>eggressum</strong></span> <span class='ocrx_word' id='word_1_135' title='bbox 1026 1885 1102 1930; x_wconf 90' lang='lat' dir='ltr'><strong>esse.</strong></span> <span class='ocrx_word' id='word_1_136' title='bbox 1152 1864 1223 1929; x_wconf 90' lang='lat' dir='ltr'><strong>Hoc</strong></span> <span class='ocrx_word' id='word_1_137' title='bbox 1251 1865 1279 1928; x_wconf 90' lang='lat' dir='ltr'><strong>si</strong></span> <span class='ocrx_word' id='word_1_138' title='bbox 1306 1867 1390 1926; x_wconf 89' lang='lat' dir='ltr'><strong>reete</strong></span> 
     </span>
     <span class='ocr_line' id='line_1_18' title="bbox 215 1950 1389 2040; baseline -0.003 -21"><span class='ocrx_word' id='word_1_139' title='bbox 215 1953 440 2039; x_wconf 84' lang='lat' dir='ltr'><strong>conclusimus,</strong></span> <span class='ocrx_word' id='word_1_140' title='bbox 463 1958 619 2040; x_wconf 87' lang='lat' dir='ltr'><strong>sequitur,</strong></span> <span class='ocrx_word' id='word_1_141' title='bbox 642 1961 678 2020; x_wconf 90' lang='lat' dir='ltr'><strong>ut</strong></span> <span class='ocrx_word' id='word_1_142' title='bbox 697 1955 838 2020; x_wconf 81' lang='lat' dir='ltr'><strong>Andriae</strong></span> <span class='ocrx_word' id='word_1_143' title='bbox 855 1956 1005 2040; x_wconf 86' lang='lat' dir='ltr'><strong>prologus</strong></span> <span class='ocrx_word' id='word_1_144' title='bbox 1027 1956 1140 2019; x_wconf 87' lang='lat' dir='ltr'><strong>ceteris</strong></span> <span class='ocrx_word' id='word_1_145' title='bbox 1162 1953 1263 2018; x_wconf 90' lang='lat' dir='ltr'><strong>trihus</strong></span> <span class='ocrx_word' id='word_1_146' title='bbox 1286 1950 1389 2037; x_wconf 91' lang='lat' dir='ltr'><strong>prolo-</strong></span> 
     </span>
     <span class='ocr_line' id='line_1_19' title="bbox 214 2046 439 2128; baseline -0.004 -18"><span class='ocrx_word' id='word_1_147' title='bbox 214 2046 263 2128; x_wconf 85' lang='lat' dir='ltr'><strong>gis</strong></span> <span class='ocrx_word' id='word_1_148' title='bbox 286 2046 439 2110; x_wconf 81' lang='lat' dir='ltr'><strong>anteierit.</strong></span> 
     </span>
    </p>

    <p class='ocr_par' dir='ltr' id='par_1_6' title="bbox 214 2131 1392 3462">
     <span class='ocr_line' id='line_1_20' title="bbox 303 2131 1390 2217; baseline -0.003 -19"><span class='ocrx_word' id='word_1_149' title='bbox 303 2133 371 2199; x_wconf 84' lang='lat' dir='ltr'><strong>Nec</strong></span> <span class='ocrx_word' id='word_1_150' title='bbox 393 2153 469 2199; x_wconf 82' lang='lat' dir='ltr'><strong>vero</strong></span> <span class='ocrx_word' id='word_1_151' title='bbox 492 2135 538 2198; x_wconf 93' lang='lat' dir='ltr'><strong>de·</strong></span> <span class='ocrx_word' id='word_1_152' title='bbox 550 2131 694 2198; x_wconf 81' lang='lat' dir='ltr'><strong>Andriae</strong></span> <span class='ocrx_word' id='word_1_153' title='bbox 716 2134 810 2198; x_wconf 92' lang='lat' dir='ltr'><strong>modo</strong></span> <span class='ocrx_word' id='word_1_154' title='bbox 834 2133 973 2217; x_wconf 83' lang='lat' dir='ltr'><strong>prologo,</strong></span> <span class='ocrx_word' id='word_1_155' title='bbox 996 2134 1051 2198; x_wconf 89' lang='lat' dir='ltr'><strong>sed</strong></span> <span class='ocrx_word' id='word_1_156' title='bbox 1075 2135 1169 2197; x_wconf 76' lang='lat' dir='ltr'><strong>eham</strong></span> <span class='ocrx_word' id='word_1_157' title='bbox 1192 2133 1233 2197; x_wconf 94' lang='lat' dir='ltr'><strong>de</strong></span> <span class='ocrx_word' id='word_1_158' title='bbox 1254 2132 1390 2196; x_wconf 88' lang='lat' dir='ltr'><strong>ahorum</strong></span> 
     </span>
     <span class='ocr_line' id='line_1_21' title="bbox 217 2221 1389 2308; baseline -0.003 -22"><span class='ocrx_word' id='word_1_159' title='bbox 217 2223 420 2308; x_wconf 90' lang='lat' dir='ltr'><strong>prologorum</strong></span> <span class='ocrx_word' id='word_1_160' title='bbox 444 2224 555 2288; x_wconf 90' lang='lat' dir='ltr'><strong>ordine</strong></span> <span class='ocrx_word' id='word_1_161' title='bbox 571 2242 615 2288; x_wconf 84' lang='lat' dir='ltr'><strong>ex</strong></span> <span class='ocrx_word' id='word_1_162' title='bbox 637 2225 687 2287; x_wconf 89' lang='lat' dir='ltr'><strong>his</strong></span> <span class='ocrx_word' id='word_1_163' title='bbox 705 2223 783 2288; x_wconf 88' lang='lat' dir='ltr'><strong>locis</strong></span> <span class='ocrx_word' id='word_1_164' title='bbox 801 2225 863 2286; x_wconf 85' lang='lat' dir='ltr'><strong>riri</strong></span> <span class='ocrx_word' id='word_1_165' title='bbox 882 2223 965 2287; x_wconf 88' lang='lat' dir='ltr'><strong>docti</strong></span> <span class='ocrx_word' id='word_1_166' title='bbox 984 2223 1104 2306; x_wconf 86' lang='lat' dir='ltr'><strong>aliquid</strong></span> <span class='ocrx_word' id='word_1_167' title='bbox 1128 2221 1389 2287; x_wconf 80' lang='lat' dir='ltr'><strong>enucleaverunt:</strong></span> 
     </span>
     <span class='ocr_line' id='line_1_22' title="bbox 215 2310 1390 2397; baseline -0.001 -23"><span class='ocrx_word' id='word_1_168' title='bbox 215 2313 315 2376; x_wconf 83' lang='lat' dir='ltr'><strong>veluti</strong></span> <span class='ocrx_word' id='word_1_169' title='bbox 347 2312 620 2377; x_wconf 84' lang='lat' dir='ltr'><strong>Peechelmsnnus</strong></span> <span class='ocrx_word' id='word_1_170' title='bbox 655 2312 687 2396; x_wconf 90' lang='lat' dir='ltr'><strong>(l.</strong></span> <span class='ocrx_word' id='word_1_171' title='bbox 717 2331 740 2376; x_wconf 90' lang='lat' dir='ltr'><strong>s.</strong></span> <span class='ocrx_word' id='word_1_172' title='bbox 770 2331 794 2377; x_wconf 92' lang='lat' dir='ltr'><strong>s.</strong></span> <span class='ocrx_word' id='word_1_173' title='bbox 814 2333 843 2397; x_wconf 92' lang='lat' dir='ltr'><strong>p.</strong></span> <span class='ocrx_word' id='word_1_174' title='bbox 868 2313 923 2393; x_wconf 88' lang='lat'><strong>45)</strong></span> <span class='ocrx_word' id='word_1_175' title='bbox 956 2314 1000 2376; x_wconf 86' lang='lat' dir='ltr'><strong>ita</strong></span> <span class='ocrx_word' id='word_1_176' title='bbox 1032 2313 1256 2376; x_wconf 84' lang='lat' dir='ltr'><strong>ratiocinatur:</strong></span> <span class='ocrx_word' id='word_1_177' title='bbox 1292 2310 1390 2393; x_wconf 86' lang='lat' dir='ltr'><strong>„Tum</strong></span> 
     </span>
     <span class='ocr_line' id='line_1_23' title="bbox 215 2400 1392 2486; baseline 0.001 -24"><span class='ocrx_word' id='word_1_178' title='bbox 215 2400 380 2464; x_wconf 80' lang='lat' dir='ltr'><strong>Terentius</strong></span> <span class='ocrx_word' id='word_1_179' title='bbox 403 2402 436 2464; x_wconf 91' lang='lat' dir='ltr'><strong>in</strong></span> <span class='ocrx_word' id='word_1_180' title='bbox 460 2400 612 2464; x_wconf 77' lang='lat' dir='ltr'><strong>Eunuchi</strong></span> <span class='ocrx_word' id='word_1_181' title='bbox 636 2402 765 2484; x_wconf 84' lang='lat' dir='ltr'><strong>prologo</strong></span> <span class='ocrx_word' id='word_1_182' title='bbox 788 2403 831 2480; x_wconf 86' lang='lat' dir='ltr'><strong>(r.</strong></span> <span class='ocrx_word' id='word_1_183' title='bbox 853 2402 907 2486; x_wconf 89' lang='grc'><strong>16)</strong></span> <span class='ocrx_word' id='word_1_184' title='bbox 931 2406 1070 2466; x_wconf 91' lang='lat' dir='ltr'><strong>minatur</strong></span> <span class='ocrx_word' id='word_1_185' title='bbox 1094 2403 1191 2464; x_wconf 88' lang='lat' dir='ltr'><strong>veteri</strong></span> <span class='ocrx_word' id='word_1_186' title='bbox 1214 2406 1334 2485; x_wconf 85' lang='lat' dir='ltr'><strong>poetes,</strong></span> <span class='ocrx_word' id='word_1_187' title='bbox 1356 2406 1392 2464; x_wconf 88' lang='lat' dir='ltr'><strong>ut</strong></span> 
     </span>
     <span class='ocr_line' id='line_1_24' title="bbox 218 2488 1391 2575; baseline -0.001 -22"><span class='ocrx_word' id='word_1_188' title='bbox 218 2490 341 2553; x_wconf 84' lang='lat' dir='ltr'><strong>desinet</strong></span> <span class='ocrx_word' id='word_1_189' title='bbox 363 2488 529 2571; x_wconf 82' lang='lat' dir='ltr'><strong>lacessere,</strong></span> <span class='ocrx_word' id='word_1_190' title='bbox 552 2496 583 2554; x_wconf 90' lang='lat' dir='ltr'><strong>et</strong></span> <span class='ocrx_word' id='word_1_191' title='bbox 605 2490 681 2554; x_wconf 90' lang='lat' dir='ltr'><strong>dicit</strong></span> <span class='ocrx_word' id='word_1_192' title='bbox 704 2509 738 2554; x_wconf 87' lang='lat' dir='ltr'><strong>se</strong></span> <span class='ocrx_word' id='word_1_193' title='bbox 755 2491 856 2555; x_wconf 89' lang='lat' dir='ltr'><strong>multa</strong></span> <span class='ocrx_word' id='word_1_194' title='bbox 875 2490 937 2555; x_wconf 91' lang='lat' dir='ltr'><strong>alia</strong></span> <span class='ocrx_word' id='word_1_195' title='bbox 959 2490 1082 2572; x_wconf 91' lang='lat' dir='ltr'><strong>habere,</strong></span> <span class='ocrx_word' id='word_1_196' title='bbox 1106 2509 1188 2574; x_wconf 88' lang='lat' dir='ltr'><strong>quae</strong></span> <span class='ocrx_word' id='word_1_197' title='bbox 1210 2490 1391 2575; x_wconf 79' lang='lat' dir='ltr'><strong>prolaturus</strong></span> 
     </span>
     <span class='ocr_line' id='line_1_25' title="bbox 218 2578 1392 2665; baseline 0.001 -24"><span class='ocrx_word' id='word_1_198' title='bbox 218 2579 260 2642; x_wconf 90' lang='lat' dir='ltr'><strong>sit</strong></span> <span class='ocrx_word' id='word_1_199' title='bbox 282 2584 367 2662; x_wconf 90' lang='lat' dir='ltr'><strong>post,</strong></span> <span class='ocrx_word' id='word_1_200' title='bbox 389 2579 417 2643; x_wconf 91' lang='lat' dir='ltr'><strong>si</strong></span> <span class='ocrx_word' id='word_1_201' title='bbox 439 2585 549 2663; x_wconf 88' lang='lat' dir='ltr'><strong>pergat</strong></span> <span class='ocrx_word' id='word_1_202' title='bbox 570 2579 702 2644; x_wconf 88' lang='lat' dir='ltr'><strong>laedere.</strong></span> <span class='ocrx_word' id='word_1_203' title='bbox 748 2578 791 2646; x_wconf 86' lang='lat' dir='ltr'><strong>Et</strong></span> <span class='ocrx_word' id='word_1_204' title='bbox 813 2579 865 2644; x_wconf 92' lang='lat' dir='ltr'><strong>hio</strong></span> <span class='ocrx_word' id='word_1_205' title='bbox 889 2581 1017 2664; x_wconf 90' lang='lat' dir='ltr'><strong>quidem</strong></span> <span class='ocrx_word' id='word_1_206' title='bbox 1039 2581 1179 2665; x_wconf 86' lang='lat' dir='ltr'><strong>perrexit</strong></span> <span class='ocrx_word' id='word_1_207' title='bbox 1201 2579 1338 2654; x_wconf 86' lang='lat' dir='ltr'><strong>loedere,</strong></span> <span class='ocrx_word' id='word_1_208' title='bbox 1361 2583 1392 2642; x_wconf 88' lang='lat' dir='ltr'><strong>et</strong></span> 
     </span>
     <span class='ocr_line' id='line_1_26' title="bbox 216 2667 1389 2753; baseline 0.001 -22"><span class='ocrx_word' id='word_1_209' title='bbox 216 2667 383 2732; x_wconf 77' lang='lat' dir='ltr'><strong>Terentius</strong></span> <span class='ocrx_word' id='word_1_210' title='bbox 405 2668 524 2753; x_wconf 80' lang='lat' dir='ltr'><strong>profert</strong></span> <span class='ocrx_word' id='word_1_211' title='bbox 546 2668 601 2732; x_wconf 89' lang='lat' dir='ltr'><strong>illa</strong></span> <span class='ocrx_word' id='word_1_212' title='bbox 623 2671 658 2733; x_wconf 93' lang='lat' dir='ltr'><strong>in</strong></span> <span class='ocrx_word' id='word_1_213' title='bbox 682 2668 883 2733; x_wconf 90' lang='lat' dir='ltr'><strong>Phormionis</strong></span> <span class='ocrx_word' id='word_1_214' title='bbox 905 2669 1037 2753; x_wconf 92' lang='lat' dir='ltr'><strong>prologo</strong></span> <span class='ocrx_word' id='word_1_215' title='bbox 1060 2670 1102 2751; x_wconf 80' lang='lat' dir='ltr'><strong>(v,</strong></span> <span class='ocrx_word' id='word_1_216' title='bbox 1127 2670 1146 2730; x_wconf 90' lang='grc'><strong>6</strong></span> <span class='ocrx_word' id='word_1_217' title='bbox 1170 2669 1258 2753; x_wconf 89' lang='lat' dir='ltr'><strong>sqq),</strong></span> <span class='ocrx_word' id='word_1_218' title='bbox 1280 2669 1389 2732; x_wconf 70' lang='lat' dir='ltr'><strong>mdem</strong></span> 
     </span>
     <span class='ocr_line' id='line_1_27' title="bbox 215 2757 1390 2844; baseline -0.001 -23"><span class='ocrx_word' id='word_1_219' title='bbox 215 2758 280 2822; x_wconf 88' lang='lat' dir='ltr'><strong>fere</strong></span> <span class='ocrx_word' id='word_1_220' title='bbox 302 2759 396 2823; x_wconf 94' lang='lat' dir='ltr'><strong>modo</strong></span> <span class='ocrx_word' id='word_1_221' title='bbox 424 2777 460 2822; x_wconf 89' lang='lat' dir='ltr'><strong>ao</strong></span> <span class='ocrx_word' id='word_1_222' title='bbox 483 2759 602 2842; x_wconf 87' lang='lat' dir='ltr'><strong>profert</strong></span> <span class='ocrx_word' id='word_1_223' title='bbox 624 2760 657 2821; x_wconf 90' lang='lat' dir='ltr'><strong>in</strong></span> <span class='ocrx_word' id='word_1_224' title='bbox 684 2757 834 2822; x_wconf 88' lang='lat' dir='ltr'><strong>Eunuchi</strong></span> <span class='ocrx_word' id='word_1_225' title='bbox 857 2759 986 2843; x_wconf 90' lang='lat' dir='ltr'><strong>prologo</strong></span> <span class='ocrx_word' id='word_1_226' title='bbox 1010 2759 1053 2844; x_wconf 84' lang='lat' dir='ltr'><strong>(v.</strong></span> <span class='ocrx_word' id='word_1_227' title='bbox 1078 2759 1114 2820; x_wconf 92' lang='lat' dir='ltr'><strong>ll</strong></span> <span class='ocrx_word' id='word_1_228' title='bbox 1138 2762 1217 2842; x_wconf 84' lang='lat' dir='ltr'><strong>sqq.)</strong></span> <span class='ocrx_word' id='word_1_229' title='bbox 1239 2758 1282 2839; x_wconf 91' lang='lat' dir='ltr'><strong>id,</strong></span> <span class='ocrx_word' id='word_1_230' title='bbox 1305 2757 1390 2840; x_wconf 93' lang='lat' dir='ltr'><strong>quod</strong></span> 
     </span>
     <span class='ocr_line' id='line_1_28' title="bbox 215 2844 1390 2934; baseline 0 -24"><span class='ocrx_word' id='word_1_231' title='bbox 215 2849 249 2910; x_wconf 94' lang='lat' dir='ltr'><strong>in</strong></span> <span class='ocrx_word' id='word_1_232' title='bbox 284 2846 638 2912; x_wconf 83' lang='lat' dir='ltr'><strong>Heautontimorumeni</strong></span> <span class='ocrx_word' id='word_1_233' title='bbox 675 2847 806 2933; x_wconf 92' lang='lat' dir='ltr'><strong>prologo</strong></span> <span class='ocrx_word' id='word_1_234' title='bbox 844 2844 884 2934; x_wconf 85' lang='lat' dir='ltr'><strong>(v.</strong></span> <span class='ocrx_word' id='word_1_235' title='bbox 914 2848 957 2911; x_wconf 84' lang='lat'><strong>33</strong></span> <span class='ocrx_word' id='word_1_236' title='bbox 985 2846 1044 2931; x_wconf 91' lang='lat' dir='ltr'><strong>sq.)</strong></span> <span class='ocrx_word' id='word_1_237' title='bbox 1081 2849 1220 2911; x_wconf 89' lang='lat' dir='ltr'><strong>minatus</strong></span> <span class='ocrx_word' id='word_1_238' title='bbox 1257 2848 1390 2927; x_wconf 80' lang='lat' dir='ltr'><strong>erat.“⁵⁸)</strong></span> 
     </span>
     <span class='ocr_line' id='line_1_29' title="bbox 216 2935 1391 3021; baseline 0.001 -24"><span class='ocrx_word' id='word_1_239' title='bbox 216 2935 287 2997; x_wconf 89' lang='lat' dir='ltr'><strong>Hoc</strong></span> <span class='ocrx_word' id='word_1_240' title='bbox 309 2954 352 2998; x_wconf 85' lang='lat' dir='ltr'><strong>ex</strong></span> <span class='ocrx_word' id='word_1_241' title='bbox 374 2937 424 2998; x_wconf 92' lang='lat' dir='ltr'><strong>his</strong></span> <span class='ocrx_word' id='word_1_242' title='bbox 446 2936 525 2999; x_wconf 89' lang='lat' dir='ltr'><strong>locis</strong></span> <span class='ocrx_word' id='word_1_243' title='bbox 548 2936 695 3000; x_wconf 91' lang='lat' dir='ltr'><strong>concludi</strong></span> <span class='ocrx_word' id='word_1_244' title='bbox 717 2955 810 3021; x_wconf 90' lang='lat' dir='ltr'><strong>posse</strong></span> <span class='ocrx_word' id='word_1_245' title='bbox 826 2956 922 3019; x_wconf 77' lang='lat' dir='ltr'><strong>neg03</strong></span> <span class='ocrx_word' id='word_1_246' title='bbox 947 2955 1052 3020; x_wconf 92' lang='lat' dir='ltr'><strong>neque</strong></span> <span class='ocrx_word' id='word_1_247' title='bbox 1074 2938 1158 2999; x_wconf 91' lang='lat' dir='ltr'><strong>enim</strong></span> <span class='ocrx_word' id='word_1_248' title='bbox 1182 2936 1391 3000; x_wconf 79' lang='lat' dir='ltr'><strong>demonstrari</strong></span> 
     </span>
     <span class='ocr_line' id='line_1_30' title="bbox 215 3023 1391 3107; baseline 0.002 -22"><span class='ocrx_word' id='word_1_249' title='bbox 215 3028 319 3106; x_wconf 88' lang='lat' dir='ltr'><strong>potest</strong></span> <span class='ocrx_word' id='word_1_250' title='bbox 341 3023 419 3086; x_wconf 81' lang='lat' dir='ltr'><strong>hoec</strong></span> <span class='ocrx_word' id='word_1_251' title='bbox 441 3025 518 3107; x_wconf 87' lang='lat' dir='ltr'><strong>ipsa,</strong></span> <span class='ocrx_word' id='word_1_252' title='bbox 541 3043 622 3107; x_wconf 88' lang='lat' dir='ltr'><strong>quae</strong></span> <span class='ocrx_word' id='word_1_253' title='bbox 639 3024 805 3089; x_wconf 77' lang='lat' dir='ltr'><strong>Terentius</strong></span> <span class='ocrx_word' id='word_1_254' title='bbox 829 3026 917 3090; x_wconf 85' lang='lat' dir='ltr'><strong>verbi</strong></span> <span class='ocrx_word' id='word_1_255' title='bbox 940 3045 1035 3090; x_wconf 88' lang='lat' dir='ltr'><strong>oeusa</strong></span> <span class='ocrx_word' id='word_1_256' title='bbox 1058 3028 1091 3087; x_wconf 93' lang='lat' dir='ltr'><strong>in</strong></span> <span class='ocrx_word' id='word_1_257' title='bbox 1111 3025 1391 3089; x_wconf 83' lang='lat' dir='ltr'><strong>Heautontimoru-</strong></span> 
     </span>
     <span class='ocr_line' id='line_1_31' title="bbox 216 3111 1391 3199; baseline 0.002 -25"><span class='ocrx_word' id='word_1_258' title='bbox 216 3112 301 3174; x_wconf 90' lang='lat' dir='ltr'><strong>meni</strong></span> <span class='ocrx_word' id='word_1_259' title='bbox 325 3111 454 3195; x_wconf 91' lang='lat' dir='ltr'><strong>prologo</strong></span> <span class='ocrx_word' id='word_1_260' title='bbox 477 3113 632 3193; x_wconf 85' lang='lat' dir='ltr'><strong>minetur,</strong></span> <span class='ocrx_word' id='word_1_261' title='bbox 659 3131 696 3176; x_wconf 91' lang='lat' dir='ltr'><strong>ea</strong></span> <span class='ocrx_word' id='word_1_262' title='bbox 719 3133 802 3196; x_wconf 90' lang='lat' dir='ltr'><strong>esse,</strong></span> <span class='ocrx_word' id='word_1_263' title='bbox 833 3117 969 3199; x_wconf 92' lang='lat' dir='ltr'><strong>quaein</strong></span> <span class='ocrx_word' id='word_1_264' title='bbox 996 3113 1143 3178; x_wconf 78' lang='lat' dir='ltr'><strong>Eunuchi</strong></span> <span class='ocrx_word' id='word_1_265' title='bbox 1168 3117 1296 3198; x_wconf 89' lang='lat' dir='ltr'><strong>prologo</strong></span> <span class='ocrx_word' id='word_1_266' title='bbox 1320 3133 1391 3196; x_wconf 89' lang='lat' dir='ltr'><strong>pro·</strong></span> 
     </span>
     <span class='ocr_line' id='line_1_32' title="bbox 214 3199 1392 3288; baseline 0.003 -25"><span class='ocrx_word' id='word_1_267' title='bbox 214 3199 282 3264; x_wconf 83' lang='lat' dir='ltr'><strong>fert.</strong></span> <span class='ocrx_word' id='word_1_268' title='bbox 334 3199 404 3264; x_wconf 86' lang='lat' dir='ltr'><strong>Hoc</strong></span> <span class='ocrx_word' id='word_1_269' title='bbox 431 3201 525 3265; x_wconf 90' lang='lat' dir='ltr'><strong>modo</strong></span> <span class='ocrx_word' id='word_1_270' title='bbox 561 3221 796 3286; x_wconf 89' lang='lat' dir='ltr'><strong>quemcumque</strong></span> <span class='ocrx_word' id='word_1_271' title='bbox 829 3205 1032 3288; x_wconf 91' lang='lat' dir='ltr'><strong>prologorum</strong></span> <span class='ocrx_word' id='word_1_272' title='bbox 1064 3204 1205 3267; x_wconf 89' lang='lat' dir='ltr'><strong>ordinem</strong></span> <span class='ocrx_word' id='word_1_273' title='bbox 1234 3204 1392 3285; x_wconf 80' lang='lat' dir='ltr'><strong>statueris,</strong></span> 
     </span>
     <span class='ocr_line' id='line_1_33' title="bbox 216 3291 1391 3378; baseline 0.002 -25"><span class='ocrx_word' id='word_1_274' title='bbox 216 3309 291 3353; x_wconf 91' lang='lat' dir='ltr'><strong>eum</strong></span> <span class='ocrx_word' id='word_1_275' title='bbox 316 3309 429 3354; x_wconf 87' lang='lat' dir='ltr'><strong>verum</strong></span> <span class='ocrx_word' id='word_1_276' title='bbox 452 3310 520 3355; x_wconf 89' lang='lat' dir='ltr'><strong>esse</strong></span> <span class='ocrx_word' id='word_1_277' title='bbox 536 3291 701 3356; x_wconf 90' lang='lat' dir='ltr'><strong>ostendere</strong></span> <span class='ocrx_word' id='word_1_278' title='bbox 722 3295 847 3378; x_wconf 89' lang='lat' dir='ltr'><strong>poteris.</strong></span> <span class='ocrx_word' id='word_1_279' title='bbox 889 3293 974 3358; x_wconf 91' lang='lat' dir='ltr'><strong>Hinc</strong></span> <span class='ocrx_word' id='word_1_280' title='bbox 989 3295 1087 3377; x_wconf 90' lang='lat' dir='ltr'><strong>igitur</strong></span> <span class='ocrx_word' id='word_1_281' title='bbox 1106 3293 1185 3355; x_wconf 90' lang='lat' dir='ltr'><strong>nihil</strong></span> <span class='ocrx_word' id='word_1_282' title='bbox 1201 3292 1391 3378; x_wconf 88' lang='lat' dir='ltr'><strong>proficimus,</strong></span> 
     </span>
     <span class='ocr_line' id='line_1_34' title="bbox 217 3379 798 3462; baseline 0.009 -20"><span class='ocrx_word' id='word_1_283' title='bbox 217 3398 282 3462; x_wconf 95' lang='lat' dir='ltr'><strong>quo</strong></span> <span class='ocrx_word' id='word_1_284' title='bbox 306 3379 382 3444; x_wconf 90' lang='lat' dir='ltr'><strong>ordo</strong></span> <span class='ocrx_word' id='word_1_285' title='bbox 406 3380 586 3444; x_wconf 88' lang='lat' dir='ltr'><strong>fabularum</strong></span> <span class='ocrx_word' id='word_1_286' title='bbox 609 3382 798 3447; x_wconf 88' lang='lat' dir='ltr'><strong>inveniatur.</strong></span> 
     </span>
    </p>
   </div>
   <div class='ocr_carea' id='block_1_3' title="bbox 217 3522 1392 3695">
    <p class='ocr_par' dir='ltr' id='par_1_7' title="bbox 217 3522 1392 3695">
     <span class='ocr_line' id='line_1_35' title="bbox 217 3522 1392 3607; baseline 0.003 -22"><span class='ocrx_word' id='word_1_287' title='bbox 217 3523 235 3603; x_wconf 68' lang='lat'><strong>5</strong></span> <span class='ocrx_word' id='word_1_288' title='bbox 263 3523 291 3586; x_wconf 84' lang='lat'><strong>5.</strong></span> <span class='ocrx_word' id='word_1_289' title='bbox 332 3523 380 3585; x_wconf 81' lang='lat' dir='ltr'><strong>De</strong></span> <span class='ocrx_word' id='word_1_290' title='bbox 404 3527 461 3587; x_wconf 79' lang='lat' dir='ltr'><strong>eis</strong></span> <span class='ocrx_word' id='word_1_291' title='bbox 486 3522 723 3604; x_wconf 83' lang='lat' dir='ltr'><strong>protogorum</strong></span> <span class='ocrx_word' id='word_1_292' title='bbox 746 3525 852 3604; x_wconf 84' lang='lat' dir='ltr'><strong>iocis,</strong></span> <span class='ocrx_word' id='word_1_293' title='bbox 876 3525 1019 3607; x_wconf 80' lang='lat' dir='ltr'><strong>quibus</strong></span> <span class='ocrx_word' id='word_1_294' title='bbox 1037 3524 1229 3590; x_wconf 81' lang='lat' dir='ltr'><strong>Terentius</strong></span> <span class='ocrx_word' id='word_1_295' title='bbox 1254 3525 1301 3589; x_wconf 80' lang='lat' dir='ltr'><strong>de</strong></span> <span class='ocrx_word' id='word_1_296' title='bbox 1320 3542 1392 3589; x_wconf 86' lang='lat' dir='ltr'><strong>suo</strong></span> 
     </span>
     <span class='ocr_line' id='line_1_36' title="bbox 598 3613 1011 3695; baseline 0.005 -18"><span class='ocrx_word' id='word_1_297' title='bbox 598 3613 751 3695; x_wconf 84' lang='lat' dir='ltr'><strong>prologo</strong></span> <span class='ocrx_word' id='word_1_298' title='bbox 775 3615 886 3679; x_wconf 80' lang='lat' dir='ltr'><strong>verbe</strong></span> <span class='ocrx_word' id='word_1_299' title='bbox 910 3616 1011 3679; x_wconf 78' lang='lat' dir='ltr'><strong>iacit.</strong></span> 
     </span>
    </p>
   </div>
   <div class='ocr_carea' id='block_1_4' title="bbox 214 3735 1393 3915">
    <p class='ocr_par' dir='ltr' id='par_1_8' title="bbox 214 3735 1393 3915">
     <span class='ocr_line' id='line_1_37' title="bbox 305 3735 1393 3825; baseline 0.006 -27"><span class='ocrx_word' id='word_1_300' title='bbox 305 3735 342 3798; x_wconf 94' lang='lat' dir='ltr'><strong>In</strong></span> <span class='ocrx_word' id='word_1_301' title='bbox 367 3737 469 3802; x_wconf 91' lang='lat' dir='ltr'><strong>tribus</strong></span> <span class='ocrx_word' id='word_1_302' title='bbox 492 3739 631 3823; x_wconf 91' lang='lat' dir='ltr'><strong>prologis</strong></span> <span class='ocrx_word' id='word_1_303' title='bbox 655 3739 694 3803; x_wconf 87' lang='lat' dir='ltr'><strong>de</strong></span> <span class='ocrx_word' id='word_1_304' title='bbox 717 3759 775 3803; x_wconf 90' lang='lat' dir='ltr'><strong>suo</strong></span> <span class='ocrx_word' id='word_1_305' title='bbox 791 3740 994 3825; x_wconf 89' lang='lat' dir='ltr'><strong>prologorum</strong></span> <span class='ocrx_word' id='word_1_306' title='bbox 1017 3740 1254 3804; x_wconf 88' lang='lat' dir='ltr'><strong>scribendorum</strong></span> <span class='ocrx_word' id='word_1_307' title='bbox 1277 3759 1393 3824; x_wconf 89' lang='lat' dir='ltr'><strong>genere</strong></span> 
     </span>
     <span class='ocr_line' id='line_1_38' title="bbox 214 3823 1391 3915; baseline 0.006 -28"><span class='ocrx_word' id='word_1_308' title='bbox 214 3823 379 3889; x_wconf 89' lang='lat' dir='ltr'><strong>Terentius</strong></span> <span class='ocrx_word' id='word_1_309' title='bbox 402 3826 499 3891; x_wconf 88' lang='lat' dir='ltr'><strong>verba</strong></span> <span class='ocrx_word' id='word_1_310' title='bbox 521 3826 608 3892; x_wconf 87' lang='lat' dir='ltr'><strong>facit:</strong></span> <span class='ocrx_word' id='word_1_311' title='bbox 636 3830 670 3891; x_wconf 92' lang='lat' dir='ltr'><strong>in</strong></span> <span class='ocrx_word' id='word_1_312' title='bbox 694 3828 843 3912; x_wconf 83' lang='lat' dir='ltr'><strong>Andriae,</strong></span> <span class='ocrx_word' id='word_1_313' title='bbox 867 3828 1078 3911; x_wconf 90' lang='lat' dir='ltr'><strong>Phormionis,</strong></span> <span class='ocrx_word' id='word_1_314' title='bbox 1101 3830 1391 3915; x_wconf 81' lang='lat' dir='ltr'><strong>Adelphon&#39;prolo·</strong></span> 
     </span>
    </p>
   </div>
   <div class='ocr_carea' id='block_1_5' title="bbox 214 3998 1393 4358">
    <p class='ocr_par' dir='ltr' id='par_1_9' title="bbox 214 3998 1393 4358">
     <span class='ocr_line' id='line_1_39' title="bbox 305 3998 1393 4075; baseline 0.006 -22"><span class='ocrx_word' id='word_1_315' title='bbox 305 3998 338 4068; x_wconf 74' lang='lat'><strong>⁵⁸)</strong></span> <span class='ocrx_word' id='word_1_316' title='bbox 356 3999 485 4056; x_wconf 81' lang='lat' dir='ltr'><strong>Similiter</strong></span> <span class='ocrx_word' id='word_1_317' title='bbox 502 4003 653 4058; x_wconf 84' lang='lat' dir='ltr'><strong>Karstenus</strong></span> <span class='ocrx_word' id='word_1_318' title='bbox 670 4004 687 4058; x_wconf 94' lang='lat' dir='ltr'><strong>l.</strong></span> <span class='ocrx_word' id='word_1_319' title='bbox 706 4021 727 4058; x_wconf 92' lang='lat' dir='ltr'><strong>s.</strong></span> <span class='ocrx_word' id='word_1_320' title='bbox 746 4021 767 4058; x_wconf 91' lang='lat' dir='ltr'><strong>s.</strong></span> <span class='ocrx_word' id='word_1_321' title='bbox 784 4022 810 4073; x_wconf 94' lang='lat' dir='ltr'><strong>p.</strong></span> <span class='ocrx_word' id='word_1_322' title='bbox 828 4005 895 4058; x_wconf 82' lang='lat'>221:</span> <span class='ocrx_word' id='word_1_323' title='bbox 915 4004 977 4074; x_wconf 81' lang='lat' dir='ltr'><strong>„Sic</strong></span> <span class='ocrx_word' id='word_1_324' title='bbox 996 4004 1082 4075; x_wconf 83' lang='lat' dir='ltr'><strong>aliquo</strong></span> <span class='ocrx_word' id='word_1_325' title='bbox 1101 4005 1207 4062; x_wconf 89' lang='lat' dir='ltr'><strong>vinculo</strong></span> <span class='ocrx_word' id='word_1_326' title='bbox 1225 4007 1310 4062; x_wconf 86' lang='lat' dir='ltr'><strong>iuncti</strong></span> <span class='ocrx_word' id='word_1_327' title='bbox 1329 4010 1393 4061; x_wconf 90' lang='lat' dir='ltr'><strong>sunt</strong></span> 
     </span>
     <span class='ocr_line' id='line_1_40' title="bbox 215 4070 1391 4147; baseline 0.008 -23"><span class='ocrx_word' id='word_1_328' title='bbox 215 4071 244 4124; x_wconf 92' lang='lat' dir='ltr'><strong>hi</strong></span> <span class='ocrx_word' id='word_1_329' title='bbox 262 4071 315 4125; x_wconf 91' lang='lat' dir='ltr'><strong>duo</strong></span> <span class='ocrx_word' id='word_1_330' title='bbox 333 4070 434 4142; x_wconf 89' lang='lat' dir='ltr'><strong>prologi</strong></span> <span class='ocrx_word' id='word_1_331' title='bbox 453 4072 521 4143; x_wconf 91' lang='lat' dir='ltr'><strong>(scil.</strong></span> <span class='ocrx_word' id='word_1_332' title='bbox 534 4074 651 4129; x_wconf 85' lang='lat' dir='ltr'><strong>Andriae</strong></span> <span class='ocrx_word' id='word_1_333' title='bbox 666 4078 694 4129; x_wconf 91' lang='lat' dir='ltr'><strong>et</strong></span> <span class='ocrx_word' id='word_1_334' title='bbox 706 4076 852 4145; x_wconf 75' lang='lat' dir='ltr'><strong>Eunuchi),</strong></span> <span class='ocrx_word' id='word_1_335' title='bbox 871 4093 960 4144; x_wconf 89' lang='lat' dir='ltr'><strong>neque</strong></span> <span class='ocrx_word' id='word_1_336' title='bbox 978 4077 1030 4130; x_wconf 89' lang='lat' dir='ltr'><strong>hoc</strong></span> <span class='ocrx_word' id='word_1_337' title='bbox 1048 4079 1161 4141; x_wconf 85' lang='lat' dir='ltr'><strong>tantum,</strong></span> <span class='ocrx_word' id='word_1_338' title='bbox 1180 4079 1228 4132; x_wconf 90' lang='lat' dir='ltr'><strong>sed</strong></span> <span class='ocrx_word' id='word_1_339' title='bbox 1242 4094 1274 4132; x_wconf 94' lang='lat' dir='ltr'><strong>eo</strong></span> <span class='ocrx_word' id='word_1_340' title='bbox 1287 4095 1391 4147; x_wconf 90' lang='lat' dir='ltr'><strong>quoque</strong></span> 
     </span>
     <span class='ocr_line' id='line_1_41' title="bbox 215 4143 1390 4218; baseline 0.005 -21"><span class='ocrx_word' id='word_1_341' title='bbox 215 4143 285 4212; x_wconf 90' lang='lat' dir='ltr'><strong>quod</strong></span> <span class='ocrx_word' id='word_1_342' title='bbox 307 4143 468 4198; x_wconf 79' lang='lat' dir='ltr'><strong>minutiones</strong></span> <span class='ocrx_word' id='word_1_343' title='bbox 490 4144 601 4200; x_wconf 80' lang='lat' dir='ltr'><strong>iactatas</strong></span> <span class='ocrx_word' id='word_1_344' title='bbox 624 4145 652 4198; x_wconf 90' lang='lat' dir='ltr'><strong>in</strong></span> <span class='ocrx_word' id='word_1_345' title='bbox 676 4147 792 4202; x_wconf 80' lang='lat' dir='ltr'><strong>Andriae</strong></span> <span class='ocrx_word' id='word_1_346' title='bbox 817 4147 883 4216; x_wconf 89' lang='lat' dir='ltr'><strong>prol.</strong></span> <span class='ocrx_word' id='word_1_347' title='bbox 903 4147 937 4200; x_wconf 90' lang='grc'><strong>22</strong></span> <span class='ocrx_word' id='word_1_348' title='bbox 962 4147 1106 4217; x_wconf 85' lang='lat' dir='ltr'><strong>exequitur</strong></span> <span class='ocrx_word' id='word_1_349' title='bbox 1127 4149 1156 4202; x_wconf 91' lang='lat' dir='ltr'><strong>in</strong></span> <span class='ocrx_word' id='word_1_350' title='bbox 1178 4150 1301 4206; x_wconf 80' lang='lat' dir='ltr'><strong>Eunuchi</strong></span> <span class='ocrx_word' id='word_1_351' title='bbox 1324 4150 1390 4218; x_wconf 93' lang='lat' dir='ltr'><strong>prol.</strong></span> 
     </span>
     <span class='ocr_line' id='line_1_42' title="bbox 214 4214 1391 4342; baseline 0.008 -75"><span class='ocrx_word' id='word_1_352' title='bbox 214 4231 240 4268; x_wconf 87' lang='lat' dir='ltr'><strong>v.</strong></span> <span class='ocrx_word' id='word_1_353' title='bbox 260 4215 277 4269; x_wconf 89' lang='grc'>9</span> <span class='ocrx_word' id='word_1_354' title='bbox 297 4231 369 4339; x_wconf 84' lang='lat' dir='ltr'><strong>sqq,l</strong></span> <span class='ocrx_word' id='word_1_355' title='bbox 386 4214 432 4268; x_wconf 91' lang='lat' dir='ltr'><strong>uhi</strong></span> <span class='ocrx_word' id='word_1_356' title='bbox 455 4215 708 4342; x_wconf 58' lang='lat' dir='ltr'><strong>Luscp9iabulanmr</strong></span> <span class='ocrx_word' id='word_1_357' title='bbox 727 4219 793 4273; x_wconf 74' lang='lat' dir='ltr'><strong>titia</strong></span> <span class='ocrx_word' id='word_1_358' title='bbox 811 4222 1014 4275; x_wconf 86' lang='lat' dir='ltr'><strong>recensentur.“</strong></span> <span class='ocrx_word' id='word_1_359' title='bbox 1034 4249 1063 4262; x_wconf 89' lang='lat'><strong>·-</strong></span> <span class='ocrx_word' id='word_1_360' title='bbox 1088 4221 1122 4275; x_wconf 84' lang='lat' dir='ltr'><strong>cf.</strong></span> <span class='ocrx_word' id='word_1_361' title='bbox 1143 4237 1247 4291; x_wconf 90' lang='lat' dir='ltr'><strong>quoque</strong></span> <span class='ocrx_word' id='word_1_362' title='bbox 1266 4221 1391 4276; x_wconf 82' lang='lat' dir='ltr'><strong>Paeckel·</strong></span> 
     </span>
     <span class='ocr_line' id='line_1_43' title="bbox 214 4302 566 4358; baseline 0.003 -17"><span class='ocrx_word' id='word_1_363' title='bbox 214 4303 342 4342; x_wconf 88' lang='lat' dir='ltr'><strong>manuum</strong></span> <span class='ocrx_word' id='word_1_364' title='bbox 372 4302 418 4342; x_wconf 92' lang='lat' dir='ltr'><strong>.s.</strong></span> <span class='ocrx_word' id='word_1_365' title='bbox 438 4302 458 4340; x_wconf 92' lang='lat' dir='ltr'><strong>s.</strong></span> <span class='ocrx_word' id='word_1_366' title='bbox 478 4303 503 4358; x_wconf 89' lang='lat' dir='ltr'><strong>p.</strong></span> <span class='ocrx_word' id='word_1_367' title='bbox 561 4330 566 4342; x_wconf 93' lang='lat'><strong>.</strong></span> 
     </span>
    </p>
   </div>
   <div class='ocr_carea' id='block_1_6' title="bbox 0 0 1648 5048">
    <p class='ocr_par' dir='ltr' id='par_1_10' title="bbox 0 0 1648 5048">
     <span class='ocr_line' id='line_1_44' title="bbox 0 0 1648 5048; baseline 0 0"><span class='ocrx_word' id='word_1_368' title='bbox 0 0 1648 5048; x_wconf 95' lang='lat' dir='ltr'><strong> </strong></span> 
     </span>
    </p>
   </div>
  </div>
 </body>
</html>
