3280 5048
646 355 867 422 ...81-

61 532 79 546 '⁵
171 535 323 602 discimus
344 534 532 601 Ambivium
555 532 695 618 aliquam
717 533 839 619 copiam
862 529 1042 598 fabularum
1064 549 1221 596 novarum
1244 531 1344 614 pretio

171 625 278 691 statim
300 625 403 689 soluto
426 623 549 705 emisse,
576 642 656 708 quas
677 622 808 706 posthac
830 640 924 705 agere
945 626 983 686 ut
1003 619 1065 686 sihi
1088 619 1197 702 liccat,
1224 624 1344 704 specta-

34 711 57 724 ''
170 719 255 779 tores
277 719 375 798 rogat.
419 712 510 777 Idem
532 716 662 798 apparot
684 731 726 776 ex
748 708 863 775 Horati
887 711 975 795 epist
997 709 1032 774 Π
1057 710 1086 792 1,
1110 709 1173 773 175
1192 727 1254 793 sq.:

299 802 419 886 „Gestit
434 803 520 866 enim
539 801 615 884 (scil.
628 800 775 882 Plantam)
792 819 963 865 nummum
981 800 1015 863 in
1033 798 1155 863 loculos
1173 798 1346 880 demittere,

300 891 552 1045 Secuffisstckdgt
573 999 613 1044 an
636 983 722 1050 recto
745 983 805 1044 stet
827 977 935 1043 fabula
957 976 1049 1042 talo“.

263 1068 420 1134 Dominus
454 1070 551 1153 igitur
580 1069 684 1153 gregds
716 1087 789 1134 cum
817 1073 909 1152 poeta
940 1070 1137 1132 contractum
1167 1064 1250 1147 fecit,
1282 1083 1346 1148 quo

6 1124 27 1176 ”
47 1125 71 1176 '¹
173 1158 305 1243 probato
328 1158 382 1222 ille
404 1159 504 1242 pretio
526 1158 714 1242 plerumque
737 1158 842 1222 statim
862 1155 966 1222 solato
984 1154 1125 1220 fabulam
1144 1155 1272 1240 accepit
1294 1155 1346 1218 hic

6 1255 9 1316 1
61 1303 67 1314 .
170 1246 297 1312 fabulae
319 1247 383 1313 fata
406 1267 471 1312 non
494 1248 557 1311 iam
582 1247 762 1328 curabat⁶¹)
808 1245 992 1320 Periculum
1010 1264 1085 1329 ergo
1103 1245 1242 1328 suscepit
1259 1243 1346 1308 solus

28 1345 46 1358 ''
172 1341 266 1400 actor.
313 1335 433 1413 Quodsi
467 1337 603 1420 quaeris,
637 1335 795 1419 quomodo
828 1335 976 1399 dominus
1008 1334 1112 1418 gregis
1144 1332 1239 1398 talem
1271 1351 1347 1396 oon-
1458 1344 1461 1350 ’

173 1430 308 1490 tractum
317 1427 399 1488 inire
408 1427 554 1509 potuerit,
572 1424 778 1506 respondeam
799 1442 924 1506 sperare
943 1442 1018 1488 eum
1036 1442 1078 1487 ex
1096 1421 1202 1486 fabula
1221 1423 1345 1487 luorum

172 1533 207 1578 se
229 1513 388 1577 facturum
411 1531 493 1593 osse,
526 1512 559 1575 id
592 1512 677 1596 quod
701 1514 728 1575 ei
763 1512 907 1595 contigit,
940 1513 967 1576 si
998 1511 1106 1575 fabula
1128 1510 1168 1575 ab
1192 1509 1347 1586 aedilibus

173 1600 345 1666 emebatur.
378 1598 442 1666 Sed
465 1601 559 1665 etiam
583 1604 611 1665 si
634 1606 721 1665 actor
744 1620 786 1665 ex
805 1601 907 1686 prima
925 1601 1049 1665 actione
1065 1619 1202 1684 parvum
1219 1598 1347 1664 luomm

172 1689 300 1772 facerat,
328 1695 433 1754 tamen
462 1710 504 1754 cx
533 1689 640 1754 fabula
663 1692 774 1756 iterata
797 1690 948 1755 damnum
971 1689 1064 1755 facilc
1087 1691 1203 1753 sarcire
1226 1692 1357 1774 poterat

171 1778 220 1861 (cf.
243 1799 340 1863 supra
359 1800 388 1864 p.
407 1779 446 1843 72
466 1782 532 1864 aql.
578 1779 744 1844 Praeterea
769 1799 826 1864 per
852 1797 886 1844 sc
913 1785 1041 1865 apparet
1069 1782 1207 1843 actorem
1235 1797 1342 1842 rerum

173 1868 387 1934 scaenicorum
412 1869 548 1954 peritum
572 1888 626 1934 eas
654 1868 737 1934 solas
768 1868 893 1933 fabulas
920 1869 1048 1950 emisse,
1075 1886 1156 1952 quas
1177 1867 1347 1952 placituras

173 1975 242 2022 esse
265 1957 452 2041 confidebat,
475 1959 530 2023 scd
553 1960 691 2024 veritum
707 1977 775 2022 essa
793 1956 917 2022 fabulas
933 1978 952 2028 a
969 1957 1071 2043 poetis
1089 1957 1181 2022 novis
1205 1961 1237 2023 et
1254 1957 1347 2041 plane

172 2047 289 2129 ignotis
312 2065 424 2112 emere.

264 2136 292 2200 1.
319 2135 386 2200 l'ali
414 2141 578 2201 contractu
610 2135 709 2200 veluti
733 2135 884 2202 Plautum
911 2135 1035 2202 fabulas
1057 2136 1195 2201 vendere
1218 2136 1345 2201 solitum

173 2242 242 2288 csse
265 2224 378 2289 Horati
399 2225 499 2290 fuisse
521 2227 710 2289 sententiam
733 2244 776 2289 ex
798 2226 918 2309 epistol.
941 2226 962 2290 l.
978 2245 1002 2290 s.
1022 2245 1046 2290 c.
1069 2226 1274 2294 manifestum
1292 2230 1347 2289 cst.

264 2314 293 2375 2.
315 2312 383 2376 Tali
393 2318 556 2376 contractu
574 2313 745 2377 Ambivius
763 2314 949 2379 adulescens
958 2313 1082 2378 fabulas
1099 2313 1215 2378 Caecili
1233 2316 1347 2379 emisse

2 2386 5 2409 '
66 2477 68 2484 Ι
173 2401 307 2474 videtur.
331 2424 333 2428 ·
353 2399 498 2465 Primum
515 2403 601 2466 onim
619 2400 753 2484 fabulae,
776 2404 902 2467 tametsi
920 2422 995 2467 cum
1013 2405 1153 2488 primm
1168 2408 1347 2488 agerentur,

173 2509 238 2554 non
260 2488 458 2574 placuerunt,
480 2491 519 2555 ab
538 2490 688 2566 Ambivio
702 2492 819 2556 iterum
839 2493 1019 2577 iterumque
1041 2491 1224 2576 agebantur,
1247 2492 1347 2558 donec

173 2583 299 2643 starem.
334 2577 457 2645 Deinde
472 2577 612 2664 Ambivi,
630 2600 693 2645 non
714 2578 831 2659 Caecili
850 2600 944 2666 opera
962 2581 1108 2646 effectum
1124 2599 1193 2646 esse
1211 2583 1347 2667 legimus

173 2667 251 2733 Hec.
274 2668 352 2753 prol
368 2669 446 2733 11v.
466 2669 486 2731 6
505 2689 583 2755 ειη,
606 2675 642 2734 ut
663 2669 790 2735 tabulae
812 2672 1010 2735 iterarentur.
1045 2668 1169 2748 Quibus
1192 2691 1234 2736 ex
1251 2671 1347 2736 rebus

174 2756 323 2841 efficitur,
356 2765 392 2822 ut
424 2759 544 2826 domini
571 2761 677 2845 gregis
700 2760 877 2826 interfuerit
899 2759 1023 2826 fabulas
1047 2759 1161 2826 Caecili
1185 2766 1216 2826 et
1239 2763 1290 2846 agi
1312 2763 1347 2824 in

175 2865 290 2911 scaena
312 2851 343 2910 ct
365 2853 456 2912 stare.

264 2937 292 2999 3.
316 2935 437 2999 Eodem
460 2939 553 3000 modo
577 2939 713 3020 denique
736 2939 819 3001 idem
843 2938 1005 3024 Adelphos
1026 2961 1045 3003 a
1067 2939 1227 3021 Terentio,
1256 2940 1347 3004 cuius

174 3022 353 3087 Eunuchus
370 3023 488 3107 populo
506 3026 646 3089 maxime
664 3026 832 3109 placuerat,
848 3029 962 3092 emisse
980 3027 1117 3093 videtur.
1147 3028 1246 3093 Ludis
1262 3031 1346 3094 enim

61 3124 64 3140 ·
174 3110 294 3176 Aemili
327 3111 434 3176 Paulli
471 3113 667 3178 funebribus
691 3115 772 3180 duae
803 3115 929 3180 fabulae
960 3115 1164 3182 Terentianae
1196 3117 1347 3182 Ambivio

173 3205 277 3264 actore
311 3202 345 3264 in
379 3221 527 3266 scaenam
557 3204 757 3287 prodierunt:
804 3203 932 3287 Hecyra
961 3207 1025 3270 iam
1053 3207 1150 3272 semel
1178 3212 1288 3272 exacta
1316 3212 1349 3271 et

123 3333 127 3342 .
169 3289 311 3374 Adelphi
332 3290 441 3355 fabula
464 3293 556 3356 nova.
602 3290 673 3368 Qua
694 3294 728 3357 in
751 3312 786 3358 re
809 3313 875 3378 quo
898 3295 992 3360 modo
1014 3294 1084 3360 fieri
1107 3296 1259 3380 potuerit,
1285 3296 1347 3360 viri
1463 3363 1464 3368 ,

174 3377 257 3441 docti
280 3382 519 3465 quaesiverunt,
547 3386 584 3446 ut
611 3401 726 3446 novem
754 3387 879 3448 tantum
909 3385 1031 3450 dierum
1054 3387 1157 3469 spatio
1179 3386 1347 3450 histriones

173 3465 269 3530 simul
297 3467 376 3531 duas
397 3470 520 3536 fabulas
542 3472 635 3555 plane
658 3490 756 3536 novas
785 3473 1011 3558 ediscerentll)
1057 3475 1102 3539 At
1124 3493 1195 3540 mea
1218 3476 1347 3560 quidem

174 3557 328 3620 sententia
351 3575 401 3621 res
424 3559 469 3622 its
490 3561 681 3645 explicatur,
713 3567 749 3626 ut
770 3562 958 3627 Ambivium
986 3568 1163 3629 statuamus
1187 3564 1347 3650 Adelphos

157 3764 160 3771 .
263 3713 295 3784 ⁵¹)
313 3715 412 3769 Tamen
430 3730 538 3785 semper
555 3719 620 3787 eius,
640 3720 685 3788 qui
697 3719 814 3775 fabulam
827 3724 1018 3791 composuerat,
1037 3739 1136 3778 nomen
1149 3723 1210 3777 ante
1229 3721 1346 3793 singulas

174 3785 292 3840 actiones
310 3786 538 3854 pronuntiabatur.
557 3789 652 3859 Neque
665 3792 747 3861 igitur
758 3792 825 3846 haec
838 3795 880 3846 est
899 3794 992 3848 eadem
1011 3810 1056 3848 res
1074 3796 1153 3864 atque
1172 3795 1242 3863 apud
1255 3795 1346 3863 poetas

174 3856 336 3936 ¹Graecorum
354 3858 499 3927 scaenicos,
519 3859 564 3928 qui
576 3860 710 3916 interdum
724 3862 828 3917 fabriles
840 3863 919 3918 simul
932 3881 993 3919 cum
1012 3865 1135 3934 auctons,
1154 3867 1185 3919 ut
1201 3865 1241 3920 ita
1250 3865 1346 3932 dicam,

173 3942 231 3980 rura
250 3928 441 3997 vendiderunt3
466 3931 501 3985 oi.
520 3931 550 3984 lc.
569 3931 677 3986 Rohde:
701 3933 744 3988 Kl.
757 3933 833 3988 Schr.
852 3935 880 3987 Π
899 3952 924 4004 p.
938 3935 991 3990 426
1010 3954 1036 3990 n.
1057 3939 1070 3990 1
1093 3940 1121 3991 st
1138 3936 1198 3991 Alb.
1211 3935 1311 3992 Miiller
1328 3937 1346 3991 l.

173 4010 194 4048 s·
207 4011 228 4049 s·
247 4000 467 4136 ρὶῢΒῖίζῗίΙωεηηε
484 4071 509 4155 l.
521 4087 542 4128 s.
562 4088 583 4126 s.
603 4090 628 4156 p.
647 4074 682 4130 49
700 4090 739 4143 sq.
765 4107 797 4116 -
825 4076 943 4146 Wagner
966 4079 994 4130 in
1013 4078 1099 4134 annal.
1119 4079 1183 4148 phil.
1203 4095 1264 4134 nov.
1282 4079 1348 4136 XIO

173 4136 264 4207 (1865)
283 4154 309 4209 p.
327 4140 388 4196 290.
408 4171 441 4182 -
460 4143 586 4198 Dzratzko
604 4162 633 4197 m
651 4145 720 4200 Mus.
738 4147 790 4201 Rh.
809 4165 836 4203 n.
855 4147 925 4202 XXI
944 4148 1035 4218 (1866)
1054 4166 1079 4218 p.
1099 4151 1142 4206 79.
1167 4180 1199 4191 -
1219 4151 1347 4206 Paeolrel-

172 4223 254 4264 mann
272 4208 290 4264 l.
309 4226 331 4264 c.
350 4227 373 4265 s.
392 4229 416 4282 p.
437 4213 471 4268 28
489 4231 529 4282 sq.
556 4244 589 4255 -
614 4215 755 4272 Schindler
772 4218 790 4272 l.
809 4235 830 4274 s.
849 4235 871 4272 s.
890 4237 916 4288 p.
935 4221 978 4274 31.
999 4250 1031 4259 —
1050 4219 1131 4276 Fabia
1148 4221 1166 4276 l.
1185 4238 1206 4276 o.
1225 4237 1247 4278 s.
1267 4239 1292 4292 p.
1311 4223 1346 4276 49

6 4247 11 4257 ’
55 4370 58 4385 Ι
173 4297 199 4333 n.
221 4282 296 4334 1.-
317 4282 419 4348 Verum
438 4285 563 4354 suspicati
582 4286 782 4343 suntBossel.
801 4289 818 4344 l.
838 4307 863 4359 p.
885 4293 917 4346 13
936 4291 1170 4350 occursanti.
1189 4310 1215 4364 p.
1234 4293 1287 4352 209
1306 4309 1345 4363 sq.

1133 4382 1150 4437 6
