3280 5048
757 338 976 402 ...26-

281 519 359 604 quid
381 518 545 602 Terentius
566 518 600 580 in
624 515 719 582 Lusci
742 517 910 582 Phasmate
932 517 1176 602 reprehenderit,
1203 537 1262 582 nos
1284 518 1452 601 nescimus,

281 611 576 692 spectatoresvero,
599 627 672 672 cum
695 608 772 671 haec
794 606 901 672 iubula
924 626 1026 690 nuper
1044 611 1112 672 acta
1131 611 1221 690 esset,
1243 625 1308 671 non
1326 608 1452 692 ignora·

282 702 404 761 verunt
438 695 597 760 Nimirum
621 697 698 761 haec
720 696 828 761 fabula
846 703 958 761 exacta
975 705 1050 778 erat,
1072 697 1105 760 id
1122 697 1207 780 quod
1226 697 1289 760 iam
1308 695 1452 762 Donatus

281 788 459 870 suspicatur
482 786 606 850 dicens:
634 785 694 868 „ut
721 785 800 850 bene
823 805 918 869 ,nunc
941 786 1050 870 nuper‘
1073 793 1110 849 ut
1132 805 1174 850 ex
1196 787 1357 850 vicinitate
1379 786 1452 850 fecti

282 876 425 939 ostendat
453 875 532 939 nihil
556 894 624 939 esse
648 876 825 956 dicendum,
855 895 959 959 quum.
974 875 1170 959 displicuerit
1192 875 1270 939 traco
1292 876 1453 940 comoedia

281 962 389 1028 Luscii
412 963 551 1046 Lavinii,
577 971 741 1048 propterea
769 964 853 1048 quod
881 983 932 1028 res
960 983 1070 1030 recens
1097 965 1138 1028 sit
1162 970 1192 1028 et
1215 983 1324 1028 omnes
1342 967 1452 1032 memi-

281 1055 452 1133 norint‘.⁵⁶)

370 1145 477 1226 Atque
500 1143 576 1206 hacc
599 1144 727 1226 quidem
739 1143 898 1207 hactenus.
945 1142 1012 1206 Iam
1035 1143 1115 1206 illud
1130 1143 1303 1224 videamus,
1319 1143 1395 1226 quid
1412 1162 1453 1206 ex

283 1233 331 1296 his
346 1232 423 1296 locis
442 1232 481 1295 de
496 1232 674 1296 fabularum
694 1233 803 1296 ordine
826 1232 1002 1296 lucremur:
1018 1231 1156 1296 Omnino
1175 1232 1264 1313 nihil,
1279 1241 1315 1296 ut
1333 1234 1452 1317 opinor,

280 1319 472 1405 proficimus.
517 1320 645 1385 Etenim
667 1322 726 1384 hae
747 1321 872 1384 Terenti
895 1323 1147 1386 insimulationes
1170 1341 1188 1384 a
1211 1321 1335 1386 duabus
1358 1321 1452 1387 rebus

280 1409 537 1495 proficiscuntur:
573 1410 640 1473 Aut
676 1409 840 1474 Terentius
873 1410 967 1474 Lusci
999 1410 1122 1474 fabulas
1157 1412 1336 1495 nuperrime
1368 1416 1462 1475 actas·

280 1501 416 1584 respicit,
440 1506 477 1563 ut
501 1501 536 1563 in
555 1497 637 1562 Eun.
655 1501 732 1584 prol.
755 1520 784 1562 v.
806 1501 825 1563 9
844 1519 932 1584 sqq.;
958 1501 991 1564 in
1015 1500 1130 1565 Heaut.
1153 1501 1230 1584 prol.
1254 1521 1283 1564 v.
1302 1501 1344 1563 30
1369 1519 1451 1584 sqq.;

279 1589 411 1653 fortasse
434 1589 496 1653 huo
519 1594 637 1673 spectat
659 1589 739 1653 illud
768 1589 865 1672 „bene
888 1591 1058 1653 vortendo“
1088 1589 1182 1670 (Eun.
1205 1590 1282 1673 prol.
1306 1610 1335 1654 v.
1361 1589 1403 1671 i),
1425 1591 1452 1654 si

280 1698 317 1742 ea
340 1679 379 1743 de
401 1697 435 1743 re
460 1677 593 1742 Luscius
615 1679 682 1762 ipse
700 1679 855 1762 gloriatus
868 1687 922 1744 est.
956 1681 1024 1744 Aut
1040 1678 1204 1743 Terentius
1226 1680 1264 1742 de
1283 1681 1328 1743 eis
1347 1678 1451 1760 rebus,

281 1788 362 1852 quae
386 1769 431 1831 eis
454 1769 550 1849 vitiis,
573 1785 656 1851 quae
679 1768 850 1832 adversarii
869 1769 929 1852 ipsi
948 1769 1073 1832 crimini
1092 1767 1255 1849 dederunt,
1278 1769 1452 1832 contrariae

280 1863 364 1938 sunt,
393 1854 466 1920 illos
490 1856 648 1939 obiurgat,
679 1864 714 1920 ut
741 1857 775 1920 in
799 1857 897 1921 Andr.
922 1859 987 1941 prol
1013 1877 1042 1922 v.
1067 1858 1107 1920 21
1132 1857 1294 1939 (petreum
1320 1857 1451 1922 obscura

280 1945 459 2030 diligentias
484 1948 652 2030 opponitur
673 1944 799 2028 Terenti
822 1945 1143 2030 ‚‚contaminationi“);
1167 1948 1201 2010 in
1225 1945 1350 2010 Phorm.
1372 1946 1449 2028 prol.

281 2055 310 2096 v.
334 2035 354 2096 6
378 2054 446 2118 sqq.
466 2034 565 2120 (quod
588 2035 760 2099 adversarii
784 2037 813 2098 ei
843 2041 987 2116 ‚tenuem
1012 2038 1186 2100 orationem
1209 2044 1240 2100 ct
1263 2037 1448 2120 scripturam

279 2123 402 2188 levem“
414 2125 539 2187 crimini
550 2124 708 2208 dederant,
726 2123 891 2189 Terentius
907 2143 962 2190 eos
977 2126 1112 2209 tragicae
1131 2126 1278 2189 dictionis
1296 2126 1452 2205 accusatu.

282 2339 300 2420 ξ
320 2340 350 2402 4.
398 2339 527 2402 liceis
553 2337 792 2419 prologorum
819 2337 923 2418 locis,
948 2339 1089 2420 quibus
1112 2337 1303 2404 Terentius
1327 2339 1453 2403 adver·

710 2449 823 2510 sartis
848 2449 1020 2511 minatur.
1410 2445 1413 2450 ’

371 2571 409 2634 In
444 2573 591 2636 omnibus
622 2572 688 2635 iere
720 2572 858 2655 prologis
891 2571 1055 2636 Terentius
1087 2572 1274 2636 adversariis
1306 2573 1454 2652 minatur,

279 2663 349 2725 sive
371 2661 474 2725 solum
499 2662 575 2725 dicit
596 2680 631 2724 se
654 2679 763 2724 eorum
784 2661 859 2724 vitia
877 2661 993 2724 futuris
1012 2660 1206 2745 temporibus
1224 2662 1452 2745 patefacturum

282 2769 349 2813 esse
373 2750 483 2830 (Andr.
506 2749 584 2834 prol.
610 2770 637 2812 v.
658 2751 712 2829 22)
736 2753 803 2812 sive
827 2752 872 2812 eis
891 2750 967 2818 vitia
989 2751 1128 2833 profecto
1152 2750 1247 2814 obicit
1270 2750 1388 2814 addens
1411 2769 1453 2830 sc,

281 2840 308 2901 si
330 2839 519 2902 maledicere
542 2858 607 2903 non
625 2839 779 2917 desinant,
803 2839 894 2920 plura
913 2857 1023 2902 eorum
1042 2839 1156 2923 pmbrs
1174 2843 1207 2902 in
1231 2839 1336 2902 lucem
1352 2840 1453 2922 prola-

281 2934 390 2992 turum
404 2946 473 2992 esse
487 2926 615 3009 (Heaut.
629 2927 706 3011 prol.
721 2949 772 2989 vv.
782 2925 901 3013 33s343
919 2927 999 2991 Eun.
1015 2930 1311 3012 prol.vv.14-19;
1330 2929 1454 2993 Phorm.

280 3019 357 3101 prol.
381 3037 432 3082 vv.
457 3017 626 3104 22)23).57)

370 3104 495 3183 Quibus
525 3107 603 3172 locis
631 3109 715 3171 inter
746 3127 779 3170 se
803 3107 924 3171 collatis
948 3108 1091 3172 ordinem
1114 3107 1293 3171 fabularum
1316 3113 1454 3170 statuere

282 3217 355 3260 oum
379 3199 440 3260 viri
463 3198 545 3261 docti
569 3199 672 3261 conati
696 3197 772 3278 sint,
801 3215 955 3260 verumne
979 3197 1129 3277 viderint,
1160 3203 1195 3260 ut
1218 3215 1454 3280 cognoscamus,

280 3305 338 3349 nos
357 3305 485 3369 quoque
503 3288 561 3350 hos
573 3286 658 3350 locos
675 3288 801 3349 interse
813 3304 1039 3369 comparemus.
1068 3284 1153 3350 Dicit
1168 3293 1274 3349 autom
1290 3284 1455 3349 Terentius

281 3377 314 3438 in
359 3374 426 3440 rolo
448 3377 476 3438 is

284 3465 312 3537 1)
337 3396 476 3529 Tudrigae
495 3464 537 3546 (v.
549 3466 602 3543 22)
623 3461 763 3545 „Dehinc
783 3470 818 3526 ut
837 3465 1001 3548 quiescant
1019 3484 1111 3548 porro
1131 3483 1244 3528 moneo
1263 3465 1455 3538 etdesinant

443 3552 525 3617 Male
549 3553 660 3634 dicero,
683 3554 846 3617 malefacta
869 3573 909 3617 ne
933 3562 1065 3618 noscant
1087 3555 1173 3618 sual

282 3643 315 3726 2)
338 3642 454 3708 Heaut.
472 3644 513 3724 (v.
530 3644 600 3723 33):
625 3641 691 3725 „De
714 3643 801 3706 illius
824 3647 958 3726 peccatis
982 3644 1092 3727 plura
1115 3644 1230 3723 dicet,
1253 3661 1350 3727 quom
1370 3641 1456 3705 dabit

442 3733 532 3796 Alias
555 3752 663 3814 novae,
686 3733 748 3795 nisi
770 3731 867 3796 finem
891 3733 1065 3796 maledictis
1088 3732 1188 3796 facit.“
1425 3803 1428 3808 ,

282 3824 312 3901 3)
336 3821 419 3886 Eun.
436 3824 498 3903 (vv.
511 3819 635 3907 Mller:
660 3819 800 3903 „Dehinc
818 3842 860 3886 ne
877 3823 1047 3886 frustretur
1065 3823 1180 3904 ipsese
1202 3828 1259 3885 aut
1277 3822 1322 3884 sio
1340 3822 1456 3904 cogitet

440 3911 626 3992 ‚Defunctus
649 3913 711 3974 iam
735 3931 816 3993 sum,
839 3913 884 3974 nil
908 3917 955 3975 est
979 3911 1064 3994 quod
1088 3911 1171 3975 dicat
1193 3912 1293 3973 mihi‘:

440 4000 473 4064 Is
495 4020 536 4065 ne
559 4008 641 4064 erret
663 4020 775 4064 moneo
800 4008 831 4064 ot
854 4002 976 4064 desinat
998 4000 1158 4064 lacessere.

275 4185 277 4191 ,
371 4140 404 4209 ⁵⁸)
423 4141 522 4198 Contra
538 4142 619 4196 Tabia
637 4141 664 4211 (l.
678 4159 699 4196 s.
713 4158 734 4195 s.
749 4158 772 4210 p.
786 4141 850 4208 268)
870 4157 963 4209 parum
982 4140 1126 4195 concludit:
1146 4142 1201 4208 „Le
1214 4156 1277 4194 vers
1289 4157 1324 4194 ne
1338 4139 1457 4194 contient

282 4229 328 4282 pas
347 4229 401 4267 une
420 4212 549 4282 critique:
567 4213 586 4266 il
604 4212 676 4267 n’est
694 4213 794 4280 qu'une
811 4211 981 4266 indicationt‘.

372 4285 404 4354 Μ)
424 4285 459 4339 oi.
479 4284 681 4340 Roehriohtium
700 4284 717 4342 1.
737 4300 757 4340 s.
778 4300 798 4337 s
818 4301 843 4355 p.
863 4285 897 4340 36
917 4286 962 4358 (=
980 4283 1134 4355 Diss'phil.
1154 4286 1217 4354 Arg.
1237 4284 1280 4339 IX
1298 4301 1322 4353 p.
1343 4283 1415 4344 328).
