3280 5048
638 359 855 426 --21-

245 541 371 607 Terenti
404 541 502 624 igitur
529 538 701 602 adversarii
727 536 876 612 malevoli
905 538 963 602 soli
992 536 1276 621 reprehendebant,
1308 539 1335 600 si

159 633 230 717 quis
262 636 354 716 poeta
382 628 514 693 Latinus
545 625 684 691 fabulam
714 625 865 691 Graecam
893 625 932 691 ab
960 626 1031 690 aliis
1058 628 1123 705 iam
1151 645 1335 691 conversam

158 722 264 786 denuo
282 717 485 784 convertebat
503 721 557 780 aut
575 720 679 800 partes
698 715 849 800 quasdam
870 734 912 780 ex
926 716 1060 779 aliorum
1071 715 1188 780 fabulis
1199 714 1335 800 palliatis

159 808 335 875 sumebant.
370 805 442 870 Hoc
464 825 536 870 cum
560 807 603 868 ita
627 807 675 879 sit,
699 803 852 869 Afranius
876 806 1005 868 omuino
1030 823 1093 868 nou
1112 804 1255 886 habebat,
1278 824 1336 868 cur

160 917 194 962 so
213 897 367 962 nonnulla
386 895 539 979 quaedam
559 913 623 957 nou
644 894 736 957 modo
755 915 774 957 a
793 893 978 975 Menandro,
1000 893 1053 958 sed
1074 895 1167 958 etiam
1186 915 1206 958 a
1223 893 1335 958 Latino

161 988 333 1071 sumpsisse
356 989 492 1068 negaret.
539 982 623 1046 Dicit
646 983 730 1047 enim
754 984 787 1046 in
812 981 1035 1067 Compitalium
1057 984 1246 1066 prologo:⁴²)

321 1073 460 1157 „Tateon
483 1073 604 1155 sumpsi
627 1090 691 1135 non
716 1071 755 1135 ab
778 1072 833 1135 illo
857 1071 936 1156 (scil.
961 1070 1148 1154 Menandro)
1172 1072 1275 1152 modo,

319 1163 381 1228 Sed
404 1168 441 1226 ut
464 1163 600 1246 quisque
622 1159 742 1242 habuit,
765 1162 949 1224 conveniret
973 1161 1058 1245 quod
1081 1162 1170 1241 mihi,

320 1249 411 1328 Quod
435 1270 486 1314 me
510 1269 573 1314 nou
597 1267 690 1334 posse
712 1248 826 1314 melius
849 1250 951 1314 lacere
974 1249 1103 1332 credidi,

318 1341 423 1405 Etiam
448 1360 467 1404 a
489 1338 672 1421 hatino“.⁴⁸)

249 1497 300 1556 lV.
320 1498 368 1556 De
387 1497 539 1555 oratione
556 1495 648 1554 tenui
668 1499 701 1554 et
719 1495 882 1568 scriptura
901 1495 973 1555 levi.

250 1589 398 1672 Denique
421 1588 555 1653 Luscius
577 1587 722 1652 Terentio
745 1590 870 1653 crimini
893 1589 986 1663 dedit,
1011 1588 1095 1672 quod
1119 1588 1187 1651 eius
1210 1587 1337 1652 fabulae

162 1680 251 1744 tenui
275 1691 380 1742 esseut
403 1679 543 1741 oratione
567 1683 597 1740 et
620 1679 774 1761 scriptura
793 1678 864 1742 levi.
899 1677 970 1742 Hoc
988 1680 1106 1742 crimen
1128 1695 1191 1760 quo
1210 1683 1337 1761 spectet,

162 1766 260 1832 Fabia
291 1767 329 1850 (l-
348 1786 372 1830 a.
395 1786 419 1830 s.
442 1786 472 1850 p.
501 1765 645 1851 252l261
675 1774 706 1830 et
733 1788 762 1851 p.
780 1768 854 1830 287
884 1769 943 1851 sq.)
970 1773 1053 1832 recte
1081 1767 1220 1850 exponit.
1266 1765 1336 1831 Hac

163 1857 203 1921 de
222 1856 457 1919 insimulatione
480 1875 552 1919 cum
571 1855 735 1920 Terentius
751 1856 818 1920 solo
834 1858 866 1920 iu
884 1855 1085 1920 Phormionis
1099 1855 1229 1939 prologo
1245 1855 1337 1937 dicat,

160 1944 230 2009 fieri
250 1964 313 2009 non
331 1950 443 2029 potest,
462 1951 497 2008 ut
516 1946 589 2009 inde
605 1947 775 2030 quicquam
792 1946 831 2010 de
847 1946 957 2010 ordine
972 1944 1150 2010 fabularum
1167 1945 1335 2010 lucremur.

250 2087 466 2152 Conclusio:
490 2087 550 2151 His
573 2107 615 2151 ex
638 2087 841 2171 prologorum
864 2089 950 2169 looiS,
974 2087 1092 2172 quibus
1109 2088 1274 2153 Terentius
1297 2087 1335 2150 ab

161 2178 413 2241 adversariorum
435 2176 558 2260 probris
577 2196 610 2241 se
630 2177 777 2258 defendit,
801 2178 878 2260 quid
898 2177 936 2242 de
954 2177 1133 2242 fabularum
1152 2179 1262 2242 ordine
1281 2197 1336 2260 pro

160 2271 246 2329 certo
264 2265 447 2329 habendum
466 2285 534 2330 esse
554 2269 768 2347 statuerimus,
790 2268 977 2349 priusquam
996 2267 1035 2330 ad
1054 2267 1132 2332 alios
1151 2267 1236 2332 locos
1255 2267 1338 2330 iuter

159 2374 194 2418 se
218 2354 425 2418 conferendos
448 2361 655 2436 transeamus
678 2355 942 2437 comprehendere
966 2375 984 2419 o
1007 2376 1040 2420 re
1059 2358 1126 2420 erit
1160 2356 1337 2422 Statuiurus

161 2451 267 2507 autem
300 2444 439 2527 primum
468 2443 610 2514 Andriae
642 2444 810 2523 actionem,
843 2445 881 2506 ad
911 2465 1005 2528 quam
1033 2445 1183 2530 prologus
1211 2449 1338 2530 spectat,

160 2538 234 2596 anto
250 2532 395 2614 Hecyrae
413 2535 444 2594 et
459 2531 810 2596 Heautontimorumeni
830 2535 948 2617 primas
966 2536 1103 2600 actiones
1121 2535 1234 2599 factam
1251 2553 1335 2613 esso,

160 2621 274 2685 deinde
294 2622 453 2705 Adelphos
472 2622 635 2704 aliquanto
652 2627 723 2705 post
739 2620 1122 2689 Heautontimorumenon
1143 2631 1244 2688 actam
1259 2642 1337 2705 esse,

160 2711 257 2778 simul
275 2712 373 2795 igitur
390 2717 461 2794 post
476 2711 634 2775 Andriam
649 2718 681 2774 et
695 2710 855 2794 Hecyram
872 2713 1009 2797 primum
1024 2721 1184 2793 exactam3
1200 2714 1337 2798 denique

161 2802 322 2885 Adelphos
345 2799 440 2885 paulo
463 2805 535 2884 post
557 2799 750 2865 Eunuchum
775 2809 876 2866 aotam
901 2821 978 2866 esse.

251 2889 309 2953 His
337 2892 525 2974 comparatis
550 2892 705 2973 sequitur,
731 2896 768 2954 ut
791 2891 966 2956 Eunuchus
989 2893 1072 2957 inter
1096 2890 1335 2955 Heautontimo-

161 2997 317 3041 rumenon
342 2986 372 3041 et
395 2978 557 3062 Adelphos
580 2985 650 3044 acta
672 2981 721 3045 sit.
1272 2999 1275 3004 “

253 3065 346 3129 Nunc
374 3069 467 3130 venio
495 3067 534 3130 ad
558 3069 635 3132 alios
658 3070 859 3153 prologorum
884 3071 968 3132 locos
992 3070 1073 3131 inter
1096 3088 1130 3132 se
1152 3088 1335 3153 comparan-

162 3157 232 3236 dos,
260 3174 301 3219 ex
330 3155 446 3238 quibus
476 3157 513 3220 de
536 3156 712 3222 fabularum
739 3158 849 3221 ordine
872 3158 1092 3240 chronologico
1116 3158 1240 3241 aliquid.
1259 3161 1337 3221 certi

161 3255 216 3310 aut
239 3245 385 3309 concludi
407 3251 510 3330 potest
533 3253 587 3310 aut
611 3247 757 3312 concludi
780 3264 872 3330 posse
895 3247 955 3309 viri
980 3246 1062 3309 docti
1085 3253 1284 3331 putaverunt.

163 3478 182 3558 ξ
207 3479 250 3558 2.Ι
271 3479 319 3540 Dc
342 3481 398 3541 als
424 3439 661 3559 prolatorum
690 3459 794 3554 locis,
819 3477 962 3558 qulbus
985 3483 1214 3560 captatione,
1238 3498 1337 3559 quac

339 3585 483 3662 dicitur,
509 3584 792 3650 benevolentiae
815 3585 1008 3651 Terentius
1034 3590 1158 3651 utitur.
1308 3589 1310 3594 '

251 3725 402 3791 Omnium
426 3731 458 3791 in
483 3730 684 3812 prologorum
709 3729 807 3810 exitu,
830 3735 866 3792 ut
889 3729 949 3793 sibi
973 3730 1099 3794 faveant
1120 3736 1150 3792 et
1168 3749 1224 3813 per
1242 3731 1337 3793 silen-

161 3819 241 3880 tium
268 3817 408 3882 fabulam
436 3838 525 3882 suam
556 3820 742 3900 exaudiant,
769 3818 933 3883 Terentius
959 3840 977 3882 a
1000 3818 1227 3903 spectatoribus
1252 3821 1336 3903 petit.

160 3943 372 3951 -———---—

196 4082 201 4092 Ι
250 4010 284 4077 ⁴¹)
304 4010 471 4066 Oomioorum
490 4012 601 4066 Roman.
620 4013 773 4082 fragmenta
794 4013 881 4066 tertiis
905 4013 976 4066 curis
1000 4014 1155 4081 recognovit
1173 4013 1203 4066 0.
1219 4013 1344 4067 Ribbeck·

161 4082 530 4236 (hps'abffllssgcphoffgmodo
549 4156 582 4208 ad
601 4155 718 4226 singulas
731 4156 878 4210 sententias
891 4157 1020 4236 spectare,
1040 4155 1087 4208 sed
1100 4156 1132 4210 ad
1146 4157 1214 4209 totas
1227 4171 1337 4255 scaenas

161 4224 689 4365 hohi&hildibaldil
691 4225 990 4365 {hildilid
1007 4226 1169 4367 {litt
1171 4243 1210 4352 ⁰13¹.
1218 4227 1335 4366 'illm'
