3280 5048
733 265 953 372 -6'0-

347 481 508 568 „Simplex
544 500 625 566 quae
662 501 704 546 ex
738 487 928 566 argumento
963 481 1045 546 facta
1081 487 1130 546 est
1163 481 1309 566 duplici“,
1347 499 1430 565 quae

263 571 451 652 coniectura,
475 591 549 636 cum
571 592 591 635 a
612 571 736 654 legibus
758 572 875 635 senarii
898 570 1073 652 abhorreat,
1095 571 1170 634 ferri
1192 571 1311 654 nequit.
1425 619 1428 626 .

346 659 405 726 III.
450 659 585 725 Tertiam
630 661 789 744 quandam
833 659 1075 744 explicationem
1120 661 1302 725 invenimus
1345 659 1428 743 apud

258 747 492 831 Roetterum,¹⁶)
517 752 572 834 qui
596 750 635 814 de
658 749 782 814 duabus
805 750 946 814 eiusdem
970 749 1108 814 nominis
1131 745 1430 832 „Heautontimoru-

259 839 386 903 menos“
418 837 535 902 fabulis
568 836 764 903 Terentianis
796 840 929 922 cogitat:
960 839 1099 923 primum
1131 839 1215 902 enim
1247 834 1427 902 Terentium

259 927 353 992 aliam
377 928 472 992 huius
495 928 633 992 nominis
660 927 799 1002 fabulam
826 929 860 1002 in
889 928 992 991 lucem
1025 927 1177 1000 edidisse:
1209 929 1365 1010 integram
1388 944 1430 990 ex

258 1018 387 1100 integra.
433 1015 563 1080 Paetum
586 1031 664 1080 vero
686 1017 771 1100 quod
794 1016 1036 1080 contaminando
1058 1021 1183 1100 putaret
1206 1015 1428 1098 elegantiorem

258 1124 327 1170 eam
350 1111 382 1169 et
404 1105 443 1169 ad
461 1104 592 1189 plausus
610 1105 783 1170 movendos
802 1107 955 1190 aptiorem
972 1104 1047 1186 fore,
1070 1105 1296 1186 retractavissc,
1319 1109 1429 1168 conm-

130 1242 133 1247 -
258 1196 437 1276 minavisse,
471 1213 586 1257 novam
605 1194 734 1258 fecisse:
766 1213 809 1258 ex
843 1196 946 1278 priore
968 1195 1104 1278 simplici
1127 1193 1285 1278 duplicem
1307 1192 1428 1258 fecisse.

258 1283 328 1348 Hoc
352 1284 444 1348 modo
467 1283 591 1368 prologi
617 1283 713 1347 verba
742 1289 825 1348 certe
852 1285 968 1368 optime
998 1283 1212 1368 explicantur,
1244 1284 1426 1367 praesertim

258 1391 332 1437 cum
356 1391 437 1456 quae
460 1378 542 1437 esset
564 1373 660 1438 huius
681 1391 793 1437 versus
816 1373 984 1454 sententia,
1013 1391 1123 1436 omnes
1146 1377 1349 1456 spectatores,
1373 1372 1428 1455 qui

257 1462 392 1546 priorem
425 1462 566 1526 fabulam
599 1463 839 1546 spectavissent,
872 1462 957 1526 haud
990 1462 1214 1544 ignoraverint.
1271 1459 1333 1526 Sed
1364 1465 1430 1524 tota
1474 1471 1477 1478 ’

258 1552 422 1634 sententia,
445 1570 509 1635 qna
531 1559 655 1636 recepta
673 1552 750 1616 haec
771 1550 879 1616 fabula
901 1552 934 1614 in
959 1550 1039 1615 duas
1061 1555 1165 1633 partes
1188 1551 1352 1632 scinditur,
1375 1550 1429 1631 eis,

259 1659 340 1724 quae
369 1642 418 1704 vir
451 1642 561 1706 doctus
593 1642 752 1725 exposuit,
788 1641 917 1704 minime
948 1639 1113 1724 probatur,
1146 1639 1180 1719 id
1215 1639 1300 1724 quod
1334 1640 1429 1703 etiam

258 1729 447 1795 Skutschius
470 1730 500 1811 (l.
524 1749 548 1794 s.
571 1733 608 1814 s.)
632 1730 782 1798 concedit
828 1729 993 1794 Praeterea
1016 1727 1193 1810 Roetterus,
1214 1735 1253 1792 ut
1275 1729 1430 1792 sententia

257 1820 379 1902 prolata
401 1825 485 1882 stare
508 1821 637 1883 omnino
651 1821 759 1902 possit,
781 1820 876 1883 etiam
894 1818 1061 1902 prologum
1077 1817 1430 1882 Heautontimorumeni

257 1909 292 1970 in
325 1908 404 1972 duos
435 1907 582 1992 prologos
613 1909 653 1970 ad
685 1907 757 1971 illas
785 1908 865 1971 duas
892 1909 1031 1972 actiones
1058 1909 1251 1992 pertinentes
1274 1907 1430 1990 discerpit

259 1993 407 2080 Denique
428 2016 492 2060 non
515 1997 723 2080 intellegitur,
747 1997 905 2080 quomodo
927 1995 997 2060 fieri
1021 1998 1167 2080 potuerit,
1190 2002 1226 2060 ut
1248 1996 1295 2059 illi
1317 2013 1430 2060 versus

258 2085 298 2150 ad
321 2087 434 2170 prioris
468 2091 591 2150 tantum
624 2087 756 2150 actionis
783 2085 950 2170 prologum
974 2091 1150 2170 spectantes
1173 2087 1302 2149 omnino
1324 2103 1434 2149 serva·

258 2180 376 2256 rentur,
398 2176 580 2259 praesertim
605 2193 677 2240 cum
700 2175 781 2257 ideo,
804 2175 889 2260 quod
905 2178 983 2240 haec
999 2175 1107 2240 fabula
1128 2175 1283 2259 posterior
1304 2180 1431 2258 propter

259 2263 333 2346 Syri
355 2263 495 2345 fraudes,
519 2262 706 2349 Clitiphonis
729 2283 851 2330 amores
876 2266 978 2348 magis
999 2264 1117 2349 populo
1139 2265 1289 2348 placeret,
1311 2264 1430 2328 factum

258 2373 326 2418 esse
350 2355 399 2417 vir
422 2355 532 2418 doctus
555 2356 622 2438 ipse
646 2355 737 2438 dicat,
759 2359 797 2418 ut
818 2356 903 2438 prior
926 2358 1133 2418 evanesceret
1249 2393 1252 2402 ι

347 2442 460 2528 Neque
481 2445 634 2508 maiorem
657 2441 885 2528 probabilitatis
908 2445 1045 2527 speciem
1068 2461 1113 2524 ea,
1137 2461 1234 2525 quam
1250 2439 1431 2526 Venediger

259 2533 289 2614 (l.
313 2553 336 2596 s.
361 2553 385 2597 s.
408 2553 438 2616 p.
464 2532 527 2596 133
557 2533 636 2616 sqq.)
668 2533 812 2616 protulit,
843 2551 919 2616 prae
951 2551 985 2595 se
1011 2532 1072 2596 fert
1099 2532 1264 2596 sententia.
1314 2530 1449 2595 Statuit.

258 2624 342 2686 enirn
377 2625 428 2685 vir
462 2621 572 2685 doctus
594 2621 774 2685 Terentium
802 2621 1184 2686 Heautontimorumenon
1216 2619 1356 2684 fabulam
1389 2639 1431 2684 ex

258 2730 324 2773 una
346 2710 482 2792 simplici
501 2709 668 2774 Menandri
691 2710 798 2774 fabula
822 2711 1028 2788 convertiss03
1053 2717 1121 2774 tum
1146 2729 1220 2774 vero
1243 2729 1317 2773 cum
1333 2710 1430 2774 huius

259 2798 470 2862 Menandreae
493 2798 618 2862 fabulae
641 2804 826 2882 argumento
847 2817 979 2882 prorsus
1002 2797 1088 2862 aliud
1112 2805 1336 2880 argumentum
1359 2817 1430 2862 ase

258 2887 370 2952 fictum
397 2889 650 2971 commiscuisse,
683 2890 727 2952 ita
758 2893 795 2952 ut
821 2887 928 2953 sabula
955 2907 996 2952 ex
1015 2888 1151 2971 simplici
1170 2887 1289 2952 Graeca
1311 2887 1431 2970 duplex

257 2975 375 3042 Latina
397 2977 478 3041 facta
506 2979 554 3042 sit.
601 2976 757 3053 Nimium,
786 2977 893 3060 credo,
926 2978 1046 3062 ingenii
1070 2979 1120 3040 vir
1148 2978 1259 3042 doctus
1285 2976 1429 3042 Terentio

258 3067 409 3131 attribuit.

347 3155 446 3221 Nulla
459 3158 559 3240 igitur
577 3157 717 3221 virorum
730 3157 892 3220 doctorum
909 3155 1077 3240 explicatio
1095 3155 1265 3219 verborum
1282 3152 1430 3240 „Duplex

253 3265 341 3329 ¹qnae
375 3265 417 3310 ex
450 3251 637 3328 argumento
669 3245 750 3309 facta
778 3251 825 3310 est
855 3247 1007 3329 simplici‘
1040 3245 1166 3329 placuit
1218 3242 1300 3320 Quid
1333 3245 1430 3327 igitur

258 3329 436 3397 faciamus?
472 3337 524 3396 An
548 3336 713 3412 eiciamuS,
737 3335 822 3417 quod
850 3343 913 3397 ncr'r
937 3334 1215 3398 intellexerimus?
1252 3335 1295 3398 nt
1319 3352 1430 3398 versus

259 3424 454 3486 necessarius
478 3429 533 3487 est.
565 3422 653 3486 Nihil
671 3423 771 3506 igitur
788 3429 884 3486 restat
906 3425 977 3504 nisi,
1000 3429 1037 3486 ut
1059 3424 1165 3488 locum
1187 3423 1290 3488 labem
1307 3429 1429 3486 contra-

258 3514 344 3578 xisse
366 3518 523 3596 putemus.
575 3511 616 3574 Et
643 3513 799 3576 medicina
826 3514 860 3575 in
887 3517 1036 3597 promptu
1065 3520 1120 3578 est.
1168 3513 1316 3578 Vidimus
1345 3514 1427 3576 enim

259 3607 365 3687 (supra
393 3622 423 3686 p.
454 3602 507 3681 57)
538 3602 636 3683 „facta
666 3622 707 3665 ex
734 3601 869 3684 simplici
899 3604 1103 3684 argumento“
1134 3601 1312 3684 significare
1338 3620 1430 3686 posse

258 3713 318 3775 „ex
341 3712 406 3755 una
428 3691 534 3754 fabula
559 3690 677 3754 Graeca
700 3691 808 3772 facta“,
842 3711 904 3776 quo
927 3696 1053 3773 recepto
1076 3691 1156 3753 nihil
1188 3690 1358 3754 obscurum
1382 3696 1431 3754 est

258 3783 320 3845 nisi
343 3781 423 3844 illud
456 3781 600 3864 ,duplant
646 3780 828 3845 scribamus
854 3783 953 3860 igitur
985 3784 1105 3863 oportet
1128 3780 1187 3843 hoc
1210 3799 1338 3863 quoqne
1360 3781 1429 3843 loco

259 3871 425 3954 ,simplex‘,
456 3873 501 3934 ita
532 3875 569 3934 ut
600 3890 674 3934 cum
707 3869 914 3952 Lessingio²⁷)
952 3874 983 3931 et
1014 3869 1238 3950 Amdohrio²⁸)
1273 3870 1428 3952 legamus:

349 4026 382 4095 ²⁶)
401 4027 459 4095 „De
477 4025 574 4082 Heaut.
593 4029 717 4082 Terent.“
754 4027 845 4096 Progr.
864 4044 890 4080 v.
909 4026 1048 4096 Bayreuth
1070 4026 1135 4082 1892
1155 4043 1179 4097 p.
1199 4026 1243 4082 20.

348 4098 380 4159 ²⁷)
399 4099 432 4151 ln
458 4097 659 4169 Dramaturgiaa
689 4097 835 4167 Hamburg.
863 4114 919 4167 cap.
946 4099 980 4154 87
1019 4100 1058 4169 (in
1085 4099 1148 4153 edit.
1179 4097 1355 4168 Hempeliana
1377 4097 1431 4153 Vll

257 4187 283 4239 p.
302 4170 470 4311 trtfflpdpps
489 4241 577 4312 inaug.
596 4259 622 4310 p.
644 4242 676 4294 12
696 4257 735 4312 sq.
