<?xml version="1.0" encoding="UTF-8"?>
<!DOCTYPE html PUBLIC "-//W3C//DTD XHTML 1.0 Transitional//EN"
    "http://www.w3.org/TR/xhtml1/DTD/xhtml1-transitional.dtd">
<html xmlns="http://www.w3.org/1999/xhtml" xml:lang="en" lang="en">
 <head>
  <title>
</title>
<meta http-equiv="Content-Type" content="text/html;charset=utf-8" />
  <meta name='ocr-system' content='tesseract 3.04.00' />
  <meta name='ocr-capabilities' content='ocr_page ocr_carea ocr_par ocr_line ocrx_word'/>
</head>
<body>
  <div class='ocr_page' id='page_1' title='image "./quaestionestere00meyegoog_0093.png"; bbox 0 0 3280 5048; ppageno 0'>
   <div class='ocr_carea' id='block_1_1' title="bbox 559 807 1055 930">
    <p class='ocr_par' dir='ltr' id='par_1_1' title="bbox 559 807 1055 930">
     <span class='ocr_line' id='line_1_1' title="bbox 559 807 1055 930; baseline 0.004 -28"><span class='ocrx_word' id='word_1_1' title='bbox 559 807 740 904; x_wconf 80' lang='lat' dir='ltr'>Tabula</span> <span class='ocrx_word' id='word_1_2' title='bbox 773 808 1055 930; x_wconf 83' lang='lat' dir='ltr'>argumenti.</span> 
     </span>
    </p>
   </div>
   <div class='ocr_carea' id='block_1_2' title="bbox 222 1125 1396 1200">
    <p class='ocr_par' dir='ltr' id='par_1_2' title="bbox 222 1125 1396 1200">
     <span class='ocr_line' id='line_1_2' title="bbox 222 1125 1396 1200; baseline 0.003 -21"><span class='ocrx_word' id='word_1_3' title='bbox 222 1127 252 1180; x_wconf 78' lang='lat' dir='ltr'>A.</span> <span class='ocrx_word' id='word_1_4' title='bbox 276 1126 322 1180; x_wconf 80' lang='lat' dir='ltr'>lix</span> <span class='ocrx_word' id='word_1_5' title='bbox 345 1126 492 1197; x_wconf 88' lang='lat' dir='ltr'>prologis</span> <span class='ocrx_word' id='word_1_6' title='bbox 515 1127 728 1200; x_wconf 73' lang='lat' dir='ltr'>Terentianis</span> <span class='ocrx_word' id='word_1_7' title='bbox 751 1127 889 1196; x_wconf 85' lang='lat' dir='ltr'>quidde</span> <span class='ocrx_word' id='word_1_8' title='bbox 912 1127 1027 1182; x_wconf 88' lang='lat' dir='ltr'>ordine</span> <span class='ocrx_word' id='word_1_9' title='bbox 1044 1125 1236 1182; x_wconf 51' lang='lat' dir='ltr'>¹fabularum</span> <span class='ocrx_word' id='word_1_10' title='bbox 1257 1127 1396 1182; x_wconf 90' lang='lat' dir='ltr'>chrono-</span> 
     </span>
    </p>
   </div>
   <div class='ocr_carea' id='block_1_3' title="bbox 254 1197 1377 1339">
    <p class='ocr_par' dir='ltr' id='par_1_3' title="bbox 254 1197 1377 1339">
     <span class='ocr_line' id='line_1_3' title="bbox 254 1197 552 1267; baseline 0.007 -17"><span class='ocrx_word' id='word_1_11' title='bbox 254 1197 362 1267; x_wconf 87' lang='lat' dir='ltr'>logico</span> <span class='ocrx_word' id='word_1_12' title='bbox 380 1198 552 1253; x_wconf 87' lang='lat' dir='ltr'>discamus.</span> 
     </span>
     <span class='ocr_line' id='line_1_4' title="bbox 255 1268 1377 1339; baseline 0.002 -17"><span class='ocrx_word' id='word_1_13' title='bbox 255 1268 400 1323; x_wconf 77' lang='lat' dir='ltr'>Exordium</span> <span class='ocrx_word' id='word_1_14' title='bbox 440 1310 1208 1326; x_wconf 88' lang='grc'><strong>..................</strong></span> <span class='ocrx_word' id='word_1_15' title='bbox 1245 1287 1271 1339; x_wconf 91' lang='lat' dir='ltr'>p.</span> <span class='ocrx_word' id='word_1_16' title='bbox 1308 1271 1377 1325; x_wconf 82' lang='lat'>5-9</span> 
     </span>
    </p>
   </div>
   <div class='ocr_carea' id='block_1_4' title="bbox 255 1356 1396 1431">
    <p class='ocr_par' dir='ltr' id='par_1_4' title="bbox 255 1356 1396 1431">
     <span class='ocr_line' id='line_1_5' title="bbox 255 1356 1396 1431; baseline 0.002 -19"><span class='ocrx_word' id='word_1_17' title='bbox 255 1356 341 1426; x_wconf 83' lang='lat' dir='ltr'>Caput</span> <span class='ocrx_word' id='word_1_18' title='bbox 374 1358 401 1412; x_wconf 94' lang='lat' dir='ltr'>I:</span> <span class='ocrx_word' id='word_1_19' title='bbox 420 1358 461 1413; x_wconf 78' lang='lat' dir='ltr'>Ex</span> <span class='ocrx_word' id='word_1_20' title='bbox 480 1359 591 1429; x_wconf 86' lang='lat' dir='ltr'>singulis</span> <span class='ocrx_word' id='word_1_21' title='bbox 609 1360 723 1431; x_wconf 86' lang='lat' dir='ltr'>prologis</span> <span class='ocrx_word' id='word_1_22' title='bbox 741 1360 805 1429; x_wconf 84' lang='lat' dir='ltr'>quid</span> <span class='ocrx_word' id='word_1_23' title='bbox 822 1359 955 1414; x_wconf 86' lang='lat' dir='ltr'>diseamus</span> <span class='ocrx_word' id='word_1_24' title='bbox 978 1399 1207 1414; x_wconf 86' lang='grc'><strong>......</strong></span> <span class='ocrx_word' id='word_1_25' title='bbox 1244 1376 1271 1428; x_wconf 90' lang='lat' dir='ltr'>p.</span> <span class='ocrx_word' id='word_1_26' title='bbox 1307 1359 1396 1414; x_wconf 86' lang='lat'>9—13</span> 
     </span>
    </p>
   </div>
   <div class='ocr_carea' id='block_1_5' title="bbox 257 1444 1404 1590">
    <p class='ocr_par' dir='ltr' id='par_1_5' title="bbox 257 1444 1404 1590">
     <span class='ocr_line' id='line_1_6' title="bbox 257 1444 1395 1520; baseline 0.004 -20"><span class='ocrx_word' id='word_1_27' title='bbox 257 1444 343 1514; x_wconf 85' lang='lat' dir='ltr'>Caput</span> <span class='ocrx_word' id='word_1_28' title='bbox 359 1447 400 1502; x_wconf 92' lang='lat' dir='ltr'>Il:</span> <span class='ocrx_word' id='word_1_29' title='bbox 419 1448 460 1502; x_wconf 79' lang='lat' dir='ltr'>lix</span> <span class='ocrx_word' id='word_1_30' title='bbox 479 1449 593 1520; x_wconf 90' lang='lat' dir='ltr'>prologis</span> <span class='ocrx_word' id='word_1_31' title='bbox 611 1450 683 1505; x_wconf 87' lang='lat' dir='ltr'>inter</span> <span class='ocrx_word' id='word_1_32' title='bbox 700 1466 730 1504; x_wconf 91' lang='lat' dir='ltr'>se</span> <span class='ocrx_word' id='word_1_33' title='bbox 751 1448 908 1518; x_wconf 88' lang='lat' dir='ltr'>comparatis</span> <span class='ocrx_word' id='word_1_34' title='bbox 927 1448 990 1518; x_wconf 84' lang='lat' dir='ltr'>quid</span> <span class='ocrx_word' id='word_1_35' title='bbox 1008 1449 1163 1504; x_wconf 77' lang='lat' dir='ltr'>disoamm.</span> <span class='ocrx_word' id='word_1_36' title='bbox 1202 1492 1208 1504; x_wconf 89' lang='lat'><strong>.</strong></span> <span class='ocrx_word' id='word_1_37' title='bbox 1245 1467 1271 1517; x_wconf 88' lang='lat' dir='ltr'>p.</span> <span class='ocrx_word' id='word_1_38' title='bbox 1291 1451 1395 1504; x_wconf 84' lang='lat'><strong>13-33</strong></span> 
     </span>
     <span class='ocr_line' id='line_1_7' title="bbox 292 1519 1404 1590; baseline 0.004 -20"><span class='ocrx_word' id='word_1_39' title='bbox 292 1521 307 1586; x_wconf 65' lang='grc' dir='ltr'><strong>ξ</strong></span> <span class='ocrx_word' id='word_1_40' title='bbox 327 1520 351 1571; x_wconf 94' lang='grc'>1.</span> <span class='ocrx_word' id='word_1_41' title='bbox 369 1519 410 1573; x_wconf 90' lang='lat' dir='ltr'>De</span> <span class='ocrx_word' id='word_1_42' title='bbox 429 1521 642 1576; x_wconf 82' lang='lat' dir='ltr'>adversariorum</span> <span class='ocrx_word' id='word_1_43' title='bbox 661 1519 889 1576; x_wconf 81' lang='lat' dir='ltr'>criminationibus</span> <span class='ocrx_word' id='word_1_44' title='bbox 933 1562 1208 1576; x_wconf 93' lang='grc'>.......</span> <span class='ocrx_word' id='word_1_45' title='bbox 1245 1537 1271 1590; x_wconf 92' lang='lat' dir='ltr'>p.</span> <span class='ocrx_word' id='word_1_46' title='bbox 1292 1521 1404 1575; x_wconf 83' lang='lat'>14-21-</span> 
     </span>
    </p>
   </div>
   <div class='ocr_carea' id='block_1_6' title="bbox 356 1589 1486 1661">
    <p class='ocr_par' dir='ltr' id='par_1_6' title="bbox 356 1589 1486 1661">
     <span class='ocr_line' id='line_1_8' title="bbox 356 1589 1486 1661; baseline 0.002 -15"><span class='ocrx_word' id='word_1_47' title='bbox 356 1589 377 1646; x_wconf 92' lang='lat'>1.</span> <span class='ocrx_word' id='word_1_48' title='bbox 397 1591 438 1646; x_wconf 92' lang='lat' dir='ltr'>De</span> <span class='ocrx_word' id='word_1_49' title='bbox 457 1593 679 1648; x_wconf 82' lang='lat' dir='ltr'>contaminatione</span> <span class='ocrx_word' id='word_1_50' title='bbox 709 1633 1208 1648; x_wconf 90' lang='lat'>............</span> <span class='ocrx_word' id='word_1_51' title='bbox 1244 1609 1271 1661; x_wconf 95' lang='lat' dir='ltr'>p.</span> <span class='ocrx_word' id='word_1_52' title='bbox 1291 1593 1396 1648; x_wconf 87' lang='grc'>14-18</span> <span class='ocrx_word' id='word_1_53' title='bbox 1484 1611 1486 1615; x_wconf 69' lang='grc'>’</span> 
     </span>
    </p>
   </div>
   <div class='ocr_carea' id='block_1_7' title="bbox 290 1661 1396 2516">
    <p class='ocr_par' dir='ltr' id='par_1_7' title="bbox 290 1661 1396 2516">
     <span class='ocr_line' id='line_1_9' title="bbox 339 1661 1395 1732; baseline 0.002 -15"><span class='ocrx_word' id='word_1_54' title='bbox 339 1661 375 1716; x_wconf 88' lang='grc' dir='ltr'>Π.</span> <span class='ocrx_word' id='word_1_55' title='bbox 394 1662 435 1717; x_wconf 93' lang='lat' dir='ltr'>De</span> <span class='ocrx_word' id='word_1_56' title='bbox 455 1663 553 1718; x_wconf 81' lang='lat' dir='ltr'>auxilio</span> <span class='ocrx_word' id='word_1_57' title='bbox 573 1665 718 1720; x_wconf 87' lang='lat' dir='ltr'>amicorum</span> <span class='ocrx_word' id='word_1_58' title='bbox 755 1704 1165 1720; x_wconf 90' lang='lat'><strong>..........</strong></span> <span class='ocrx_word' id='word_1_59' title='bbox 1167 1717 1171 1720; x_wconf 82' lang='lat'><strong>.</strong></span> <span class='ocrx_word' id='word_1_60' title='bbox 1201 1705 1218 1719; x_wconf 63' lang='grc'>.,</span> <span class='ocrx_word' id='word_1_61' title='bbox 1244 1680 1270 1732; x_wconf 92' lang='lat' dir='ltr'>p.</span> <span class='ocrx_word' id='word_1_62' title='bbox 1291 1663 1395 1719; x_wconf 84' lang='lat'>18-19</span> 
     </span>
     <span class='ocr_line' id='line_1_10' title="bbox 325 1733 1395 1803; baseline 0.001 -15"><span class='ocrx_word' id='word_1_63' title='bbox 325 1733 376 1788; x_wconf 88' lang='grc' dir='ltr'>ΠΙ.</span> <span class='ocrx_word' id='word_1_64' title='bbox 395 1734 436 1788; x_wconf 90' lang='lat' dir='ltr'>De</span> <span class='ocrx_word' id='word_1_65' title='bbox 454 1734 523 1788; x_wconf 86' lang='lat' dir='ltr'>inrti</span> <span class='ocrx_word' id='word_1_66' title='bbox 541 1736 653 1790; x_wconf 90' lang='lat' dir='ltr'>crimine</span> <span class='ocrx_word' id='word_1_67' title='bbox 668 1775 1209 1790; x_wconf 88' lang='grc'><strong>.............</strong></span> <span class='ocrx_word' id='word_1_68' title='bbox 1246 1751 1271 1803; x_wconf 94' lang='lat' dir='ltr'>p.</span> <span class='ocrx_word' id='word_1_69' title='bbox 1293 1735 1395 1789; x_wconf 86' lang='lat'>19-21</span> 
     </span>
     <span class='ocr_line' id='line_1_11' title="bbox 328 1803 1395 1876; baseline 0.002 -19"><span class='ocrx_word' id='word_1_70' title='bbox 328 1803 375 1858; x_wconf 79' lang='lat' dir='ltr'>IV.</span> <span class='ocrx_word' id='word_1_71' title='bbox 394 1805 435 1859; x_wconf 92' lang='lat' dir='ltr'>De</span> <span class='ocrx_word' id='word_1_72' title='bbox 455 1806 573 1860; x_wconf 80' lang='lat' dir='ltr'>oratione</span> <span class='ocrx_word' id='word_1_73' title='bbox 591 1808 667 1862; x_wconf 79' lang='lat' dir='ltr'>tenui</span> <span class='ocrx_word' id='word_1_74' title='bbox 686 1809 714 1862; x_wconf 93' lang='lat' dir='ltr'>et</span> <span class='ocrx_word' id='word_1_75' title='bbox 732 1807 865 1876; x_wconf 86' lang='lat' dir='ltr'>scriptura</span> <span class='ocrx_word' id='word_1_76' title='bbox 882 1805 936 1860; x_wconf 88' lang='lat' dir='ltr'>levi</span> <span class='ocrx_word' id='word_1_77' title='bbox 981 1844 1210 1862; x_wconf 87' lang='grc'><strong>......</strong></span> <span class='ocrx_word' id='word_1_78' title='bbox 1246 1823 1272 1873; x_wconf 87' lang='lat' dir='ltr'>p.</span> <span class='ocrx_word' id='word_1_79' title='bbox 1361 1805 1395 1859; x_wconf 88' lang='grc'>21</span> 
     </span>
     <span class='ocr_line' id='line_1_12' title="bbox 291 1875 1208 1947; baseline 0.003 -20"><span class='ocrx_word' id='word_1_80' title='bbox 291 1875 307 1941; x_wconf 67' lang='grc' dir='ltr'>ξ</span> <span class='ocrx_word' id='word_1_81' title='bbox 326 1875 352 1927; x_wconf 86' lang='grc'>2.</span> <span class='ocrx_word' id='word_1_82' title='bbox 375 1876 416 1929; x_wconf 91' lang='lat' dir='ltr'>De</span> <span class='ocrx_word' id='word_1_83' title='bbox 436 1876 475 1930; x_wconf 91' lang='lat' dir='ltr'>eis</span> <span class='ocrx_word' id='word_1_84' title='bbox 492 1876 660 1947; x_wconf 88' lang='lat' dir='ltr'>prologorum</span> <span class='ocrx_word' id='word_1_85' title='bbox 678 1878 751 1945; x_wconf 87' lang='lat' dir='ltr'>locis,</span> <span class='ocrx_word' id='word_1_86' title='bbox 770 1877 866 1946; x_wconf 88' lang='lat' dir='ltr'>quibus</span> <span class='ocrx_word' id='word_1_87' title='bbox 884 1878 1041 1945; x_wconf 83' lang='lat' dir='ltr'>captatione,</span> <span class='ocrx_word' id='word_1_88' title='bbox 1061 1893 1129 1946; x_wconf 87' lang='lat' dir='ltr'>quae</span> <span class='ocrx_word' id='word_1_89' title='bbox 1143 1877 1208 1931; x_wconf 88' lang='lat' dir='ltr'>dici-</span> 
     </span>
     <span class='ocr_line' id='line_1_13' title="bbox 326 1946 1396 2016; baseline 0.003 -17"><span class='ocrx_word' id='word_1_90' title='bbox 326 1949 377 2012; x_wconf 80' lang='lat' dir='ltr'>tur,</span> <span class='ocrx_word' id='word_1_91' title='bbox 397 1946 598 2002; x_wconf 85' lang='lat' dir='ltr'>benevolentiae</span> <span class='ocrx_word' id='word_1_92' title='bbox 616 1949 756 2003; x_wconf 76' lang='lat' dir='ltr'>Terentius</span> <span class='ocrx_word' id='word_1_93' title='bbox 774 1949 859 2002; x_wconf 87' lang='lat' dir='ltr'>utitur</span> <span class='ocrx_word' id='word_1_94' title='bbox 889 1987 1207 2003; x_wconf 93' lang='grc'><strong>........</strong></span> <span class='ocrx_word' id='word_1_95' title='bbox 1244 1966 1269 2016; x_wconf 87' lang='lat' dir='ltr'>p.</span> <span class='ocrx_word' id='word_1_96' title='bbox 1289 1948 1396 2002; x_wconf 86' lang='grc'>21-24</span> 
     </span>
     <span class='ocr_line' id='line_1_14' title="bbox 293 2016 1210 2100; baseline 0.004 -30"><span class='ocrx_word' id='word_1_97' title='bbox 293 2017 310 2084; x_wconf 63' lang='grc' dir='ltr'>ξ</span> <span class='ocrx_word' id='word_1_98' title='bbox 329 2021 354 2071; x_wconf 87' lang='grc'>3.</span> <span class='ocrx_word' id='word_1_99' title='bbox 373 2016 415 2070; x_wconf 89' lang='lat' dir='ltr'>De</span> <span class='ocrx_word' id='word_1_100' title='bbox 430 2017 473 2100; x_wconf 33' lang='lat' dir='ltr'>&#39;eis</span> <span class='ocrx_word' id='word_1_101' title='bbox 491 2018 661 2088; x_wconf 88' lang='lat' dir='ltr'>prologorum</span> <span class='ocrx_word' id='word_1_102' title='bbox 681 2018 755 2087; x_wconf 84' lang='lat' dir='ltr'>locis,</span> <span class='ocrx_word' id='word_1_103' title='bbox 773 2019 868 2089; x_wconf 87' lang='lat' dir='ltr'>quibus</span> <span class='ocrx_word' id='word_1_104' title='bbox 886 2019 1026 2074; x_wconf 79' lang='lat' dir='ltr'>Terentius</span> <span class='ocrx_word' id='word_1_105' title='bbox 1044 2019 1210 2074; x_wconf 84' lang='lat' dir='ltr'>adversarios</span> 
     </span>
     <span class='ocr_line' id='line_1_15' title="bbox 291 2088 1396 2285; baseline 0.004 -72"><span class='ocrx_word' id='word_1_106' title='bbox 291 2160 306 2228; x_wconf 65' lang='grc' dir='ltr'><strong>ἓ</strong></span> <span class='ocrx_word' id='word_1_107' title='bbox 324 2088 482 2285; x_wconf 55' lang='grc' dir='ltr'>4ἕὲὗῖιέῗέ</span> <span class='ocrx_word' id='word_1_108' title='bbox 498 2130 764 2232; x_wconf 41' lang='lat' dir='ltr'>prologorumlociss</span> <span class='ocrx_word' id='word_1_109' title='bbox 775 2129 871 2230; x_wconf 78' lang='lat' dir='ltr'>quibus</span> <span class='ocrx_word' id='word_1_110' title='bbox 889 2130 1032 2216; x_wconf 71' lang='lat' dir='ltr'>rsrenlrm</span> <span class='ocrx_word' id='word_1_111' title='bbox 1048 2129 1210 2217; x_wconf 70' lang='lat' dir='ltr'>alversariis</span> <span class='ocrx_word' id='word_1_112' title='bbox 1245 2107 1271 2159; x_wconf 32' lang='lat' dir='ltr'>p.</span> <span class='ocrx_word' id='word_1_113' title='bbox 1290 2089 1396 2146; x_wconf 64' lang='grc'>24-26</span> 
     </span>
     <span class='ocr_line' id='line_1_16' title="bbox 328 2247 401 2284; baseline 0 0"><span class='ocrx_word' id='word_1_114' title='bbox 328 2247 401 2284; x_wconf 91' lang='lat' dir='ltr'>mma</span> 
     </span>
     <span class='ocr_line' id='line_1_17' title="bbox 290 2302 1206 2375; baseline 0.002 -19"><span class='ocrx_word' id='word_1_115' title='bbox 290 2303 348 2370; x_wconf 62' lang='lat' dir='ltr'>§a</span> <span class='ocrx_word' id='word_1_116' title='bbox 377 2302 418 2357; x_wconf 89' lang='lat' dir='ltr'>De</span> <span class='ocrx_word' id='word_1_117' title='bbox 446 2303 485 2357; x_wconf 85' lang='lat' dir='ltr'>eis</span> <span class='ocrx_word' id='word_1_118' title='bbox 512 2303 680 2375; x_wconf 88' lang='lat' dir='ltr'>prologorum</span> <span class='ocrx_word' id='word_1_119' title='bbox 704 2304 778 2373; x_wconf 83' lang='lat' dir='ltr'>locis,</span> <span class='ocrx_word' id='word_1_120' title='bbox 806 2303 901 2374; x_wconf 86' lang='lat' dir='ltr'>quibus</span> <span class='ocrx_word' id='word_1_121' title='bbox 927 2303 1068 2358; x_wconf 76' lang='lat' dir='ltr'>Terentius</span> <span class='ocrx_word' id='word_1_122' title='bbox 1095 2304 1129 2359; x_wconf 85' lang='lat' dir='ltr'>de</span> <span class='ocrx_word' id='word_1_123' title='bbox 1157 2320 1206 2360; x_wconf 91' lang='lat' dir='ltr'>suo</span> 
     </span>
     <span class='ocr_line' id='line_1_18' title="bbox 325 2373 1394 2444; baseline 0.002 -16"><span class='ocrx_word' id='word_1_124' title='bbox 325 2373 432 2444; x_wconf 84' lang='lat' dir='ltr'>prologo</span> <span class='ocrx_word' id='word_1_125' title='bbox 451 2374 534 2429; x_wconf 86' lang='lat' dir='ltr'>verba</span> <span class='ocrx_word' id='word_1_126' title='bbox 550 2376 616 2430; x_wconf 83' lang='lat' dir='ltr'>iacit</span> <span class='ocrx_word' id='word_1_127' title='bbox 666 2414 1207 2432; x_wconf 90' lang='grc'><strong>.............</strong></span> <span class='ocrx_word' id='word_1_128' title='bbox 1243 2392 1269 2444; x_wconf 90' lang='lat' dir='ltr'>p.</span> <span class='ocrx_word' id='word_1_129' title='bbox 1288 2375 1394 2431; x_wconf 76' lang='lat'><strong>27-29</strong></span> 
     </span>
     <span class='ocr_line' id='line_1_19' title="bbox 291 2444 1394 2516; baseline 0.002 -16"><span class='ocrx_word' id='word_1_130' title='bbox 291 2445 351 2512; x_wconf 70' lang='lat' dir='ltr'>§it</span> <span class='ocrx_word' id='word_1_131' title='bbox 371 2444 561 2501; x_wconf 81' lang='lat' dir='ltr'>Conclusiones</span> <span class='ocrx_word' id='word_1_132' title='bbox 621 2490 627 2501; x_wconf 95' lang='lat'><strong>.</strong></span> <span class='ocrx_word' id='word_1_133' title='bbox 666 2487 691 2502; x_wconf 77' lang='grc'>..</span> <span class='ocrx_word' id='word_1_134' title='bbox 710 2487 1029 2501; x_wconf 88' lang='grc'><strong>........</strong></span> <span class='ocrx_word' id='word_1_135' title='bbox 1067 2462 1073 2476; x_wconf 93' lang='grc'>·</span> <span class='ocrx_word' id='word_1_136' title='bbox 1111 2487 1117 2500; x_wconf 92' lang='grc'><strong>.</strong></span> <span class='ocrx_word' id='word_1_137' title='bbox 1157 2488 1163 2502; x_wconf 92' lang='grc'><strong>.</strong></span> <span class='ocrx_word' id='word_1_138' title='bbox 1201 2489 1207 2502; x_wconf 93' lang='grc'><strong>.</strong></span> <span class='ocrx_word' id='word_1_139' title='bbox 1244 2464 1269 2516; x_wconf 87' lang='lat' dir='ltr'>p.</span> <span class='ocrx_word' id='word_1_140' title='bbox 1288 2447 1394 2503; x_wconf 84' lang='lat'><strong>30-33</strong></span> 
     </span>
    </p>
   </div>
   <div class='ocr_carea' id='block_1_8' title="bbox 256 2532 1394 2890">
    <p class='ocr_par' dir='ltr' id='par_1_8' title="bbox 256 2532 1394 2890">
     <span class='ocr_line' id='line_1_20' title="bbox 256 2532 1208 2604; baseline 0 -15"><span class='ocrx_word' id='word_1_141' title='bbox 256 2532 341 2602; x_wconf 84' lang='lat' dir='ltr'>Caput</span> <span class='ocrx_word' id='word_1_142' title='bbox 358 2533 413 2589; x_wconf 85' lang='lat'>111:</span> <span class='ocrx_word' id='word_1_143' title='bbox 436 2534 477 2588; x_wconf 90' lang='lat' dir='ltr'>De</span> <span class='ocrx_word' id='word_1_144' title='bbox 500 2535 634 2589; x_wconf 86' lang='lat' dir='ltr'>nonnullis</span> <span class='ocrx_word' id='word_1_145' title='bbox 657 2535 715 2590; x_wconf 81' lang='lat' dir='ltr'>aliis</span> <span class='ocrx_word' id='word_1_146' title='bbox 738 2535 907 2604; x_wconf 89' lang='lat' dir='ltr'>prologorum</span> <span class='ocrx_word' id='word_1_147' title='bbox 928 2534 1006 2603; x_wconf 91' lang='lat' dir='ltr'>locis,</span> <span class='ocrx_word' id='word_1_148' title='bbox 1030 2534 1126 2604; x_wconf 92' lang='lat' dir='ltr'>quibus</span> <span class='ocrx_word' id='word_1_149' title='bbox 1145 2535 1208 2589; x_wconf 77' lang='lat' dir='ltr'>onio</span> 
     </span>
     <span class='ocr_line' id='line_1_21' title="bbox 289 2603 1393 2676; baseline 0.002 -18"><span class='ocrx_word' id='word_1_150' title='bbox 289 2603 440 2659; x_wconf 82' lang='lat' dir='ltr'>fabularum</span> <span class='ocrx_word' id='word_1_151' title='bbox 464 2605 664 2675; x_wconf 88' lang='lat' dir='ltr'>chronologicus</span> <span class='ocrx_word' id='word_1_152' title='bbox 687 2608 733 2660; x_wconf 91' lang='lat' dir='ltr'>aut</span> <span class='ocrx_word' id='word_1_153' title='bbox 755 2607 888 2660; x_wconf 85' lang='lat' dir='ltr'>infirmari</span> <span class='ocrx_word' id='word_1_154' title='bbox 906 2606 1013 2660; x_wconf 86' lang='lat' dir='ltr'>videtur</span> <span class='ocrx_word' id='word_1_155' title='bbox 1033 2608 1080 2660; x_wconf 87' lang='lat' dir='ltr'>aut</span> <span class='ocrx_word' id='word_1_156' title='bbox 1096 2605 1209 2661; x_wconf 79' lang='lat' dir='ltr'>fulcitur</span> <span class='ocrx_word' id='word_1_157' title='bbox 1243 2623 1268 2676; x_wconf 91' lang='lat' dir='ltr'>p.</span> <span class='ocrx_word' id='word_1_158' title='bbox 1288 2607 1393 2661; x_wconf 86' lang='grc'>33-41</span> 
     </span>
     <span class='ocr_line' id='line_1_22' title="bbox 291 2676 1394 2746; baseline 0.003 -17"><span class='ocrx_word' id='word_1_159' title='bbox 291 2677 352 2742; x_wconf 69' lang='grc' dir='ltr'>ξ1.</span> <span class='ocrx_word' id='word_1_160' title='bbox 371 2676 412 2730; x_wconf 90' lang='lat' dir='ltr'>De</span> <span class='ocrx_word' id='word_1_161' title='bbox 430 2676 725 2731; x_wconf 89' lang='lat' dir='ltr'>Heautontimorumeni</span> <span class='ocrx_word' id='word_1_162' title='bbox 744 2677 845 2746; x_wconf 80' lang='lat' dir='ltr'>prologi</span> <span class='ocrx_word' id='word_1_163' title='bbox 862 2676 985 2731; x_wconf 80' lang='lat' dir='ltr'>versibus</span> <span class='ocrx_word' id='word_1_164' title='bbox 1005 2677 1109 2732; x_wconf 81' lang='lat'>16-19</span> <span class='ocrx_word' id='word_1_165' title='bbox 1156 2720 1162 2732; x_wconf 88' lang='lat'><strong>.</strong></span> <span class='ocrx_word' id='word_1_166' title='bbox 1201 2720 1207 2731; x_wconf 89' lang='lat'><strong>.</strong></span> <span class='ocrx_word' id='word_1_167' title='bbox 1243 2695 1270 2746; x_wconf 89' lang='lat' dir='ltr'>p.</span> <span class='ocrx_word' id='word_1_168' title='bbox 1288 2679 1394 2732; x_wconf 83' lang='lat'><strong>33-35</strong></span> 
     </span>
     <span class='ocr_line' id='line_1_23' title="bbox 291 2746 1393 2818; baseline 0.004 -19"><span class='ocrx_word' id='word_1_169' title='bbox 291 2747 307 2813; x_wconf 67' lang='grc' dir='ltr'><strong>ἕ</strong></span> <span class='ocrx_word' id='word_1_170' title='bbox 326 2746 351 2800; x_wconf 84' lang='grc'>2.</span> <span class='ocrx_word' id='word_1_171' title='bbox 370 2746 412 2800; x_wconf 90' lang='lat' dir='ltr'>De</span> <span class='ocrx_word' id='word_1_172' title='bbox 431 2747 571 2815; x_wconf 81' lang='lat' dir='ltr'>Adelphon</span> <span class='ocrx_word' id='word_1_173' title='bbox 589 2748 674 2817; x_wconf 86' lang='lat' dir='ltr'>prima</span> <span class='ocrx_word' id='word_1_174' title='bbox 692 2750 720 2802; x_wconf 89' lang='lat' dir='ltr'>et</span> <span class='ocrx_word' id='word_1_175' title='bbox 737 2748 863 2816; x_wconf 80' lang='lat' dir='ltr'>Hecyrae</span> <span class='ocrx_word' id='word_1_176' title='bbox 881 2749 1000 2802; x_wconf 87' lang='lat' dir='ltr'>secunda</span> <span class='ocrx_word' id='word_1_177' title='bbox 1017 2748 1163 2803; x_wconf 86' lang='lat' dir='ltr'>actionibus</span> <span class='ocrx_word' id='word_1_178' title='bbox 1200 2790 1206 2804; x_wconf 90' lang='lat'><strong>.</strong></span> <span class='ocrx_word' id='word_1_179' title='bbox 1243 2766 1268 2818; x_wconf 93' lang='lat' dir='ltr'>p.</span> <span class='ocrx_word' id='word_1_180' title='bbox 1288 2749 1393 2803; x_wconf 84' lang='lat'><strong>35-39</strong></span> 
     </span>
     <span class='ocr_line' id='line_1_24' title="bbox 291 2817 1393 2890; baseline 0 -18"><span class='ocrx_word' id='word_1_181' title='bbox 291 2819 350 2887; x_wconf 63' lang='lat' dir='ltr'>§a</span> <span class='ocrx_word' id='word_1_182' title='bbox 369 2817 410 2872; x_wconf 93' lang='lat' dir='ltr'>De</span> <span class='ocrx_word' id='word_1_183' title='bbox 430 2818 642 2872; x_wconf 83' lang='lat' dir='ltr'>adversariorum</span> <span class='ocrx_word' id='word_1_184' title='bbox 662 2818 890 2873; x_wconf 79' lang='lat' dir='ltr'>criminationibus</span> <span class='ocrx_word' id='word_1_185' title='bbox 935 2861 1207 2874; x_wconf 88' lang='grc'><strong>.......</strong></span> <span class='ocrx_word' id='word_1_186' title='bbox 1244 2836 1269 2890; x_wconf 86' lang='lat' dir='ltr'>p.</span> <span class='ocrx_word' id='word_1_187' title='bbox 1288 2819 1393 2874; x_wconf 88' lang='grc'>40-41</span> 
     </span>
    </p>
   </div>
   <div class='ocr_carea' id='block_1_9' title="bbox 255 2905 1394 2979">
    <p class='ocr_par' dir='ltr' id='par_1_9' title="bbox 255 2905 1394 2979">
     <span class='ocr_line' id='line_1_25' title="bbox 255 2905 1394 2979; baseline 0.003 -19"><span class='ocrx_word' id='word_1_188' title='bbox 255 2906 341 2976; x_wconf 79' lang='lat' dir='ltr'>Caput</span> <span class='ocrx_word' id='word_1_189' title='bbox 358 2905 410 2960; x_wconf 83' lang='lat' dir='ltr'>IV:</span> <span class='ocrx_word' id='word_1_190' title='bbox 430 2907 472 2961; x_wconf 90' lang='lat' dir='ltr'>De</span> <span class='ocrx_word' id='word_1_191' title='bbox 491 2907 608 2962; x_wconf 80' lang='lat' dir='ltr'>Andriae</span> <span class='ocrx_word' id='word_1_192' title='bbox 627 2907 733 2978; x_wconf 80' lang='lat' dir='ltr'>prologo</span> <span class='ocrx_word' id='word_1_193' title='bbox 754 2948 1207 2964; x_wconf 90' lang='grc'><strong>...........</strong></span> <span class='ocrx_word' id='word_1_194' title='bbox 1243 2925 1268 2979; x_wconf 88' lang='lat' dir='ltr'>p.</span> <span class='ocrx_word' id='word_1_195' title='bbox 1286 2909 1394 2962; x_wconf 81' lang='grc'>41-54</span> 
     </span>
    </p>
   </div>
   <div class='ocr_carea' id='block_1_10' title="bbox 255 2995 1392 3281">
    <p class='ocr_par' dir='ltr' id='par_1_10' title="bbox 255 2995 1391 3140">
     <span class='ocr_line' id='line_1_26' title="bbox 255 2995 1391 3068; baseline 0.001 -17"><span class='ocrx_word' id='word_1_196' title='bbox 255 2995 341 3066; x_wconf 82' lang='lat' dir='ltr'>Caput</span> <span class='ocrx_word' id='word_1_197' title='bbox 367 2996 404 3050; x_wconf 88' lang='lat' dir='ltr'>V:</span> <span class='ocrx_word' id='word_1_198' title='bbox 423 2997 565 3067; x_wconf 83' lang='lat' dir='ltr'>Appendix</span> <span class='ocrx_word' id='word_1_199' title='bbox 583 2997 677 3052; x_wconf 85' lang='lat' dir='ltr'>critica</span> <span class='ocrx_word' id='word_1_200' title='bbox 708 3036 1206 3053; x_wconf 87' lang='grc'><strong>............</strong></span> <span class='ocrx_word' id='word_1_201' title='bbox 1242 3014 1267 3068; x_wconf 94' lang='lat' dir='ltr'>p.</span> <span class='ocrx_word' id='word_1_202' title='bbox 1287 2997 1391 3052; x_wconf 85' lang='lat'>54-61</span> 
     </span>
     <span class='ocr_line' id='line_1_27' title="bbox 291 3068 1206 3140; baseline 0.003 -19"><span class='ocrx_word' id='word_1_203' title='bbox 291 3069 305 3135; x_wconf 67' lang='grc' dir='ltr'>ξ</span> <span class='ocrx_word' id='word_1_204' title='bbox 326 3070 349 3120; x_wconf 93' lang='grc'>1.</span> <span class='ocrx_word' id='word_1_205' title='bbox 378 3068 419 3122; x_wconf 90' lang='lat' dir='ltr'>De</span> <span class='ocrx_word' id='word_1_206' title='bbox 437 3068 735 3122; x_wconf 84' lang='lat' dir='ltr'>Heautontimorumeni</span> <span class='ocrx_word' id='word_1_207' title='bbox 754 3068 854 3138; x_wconf 86' lang='lat' dir='ltr'>prologi</span> <span class='ocrx_word' id='word_1_208' title='bbox 872 3085 916 3122; x_wconf 87' lang='lat' dir='ltr'>vv.</span> <span class='ocrx_word' id='word_1_209' title='bbox 936 3069 1018 3140; x_wconf 73' lang='lat' dir='ltr'>osseo</span> <span class='ocrx_word' id='word_1_210' title='bbox 1035 3071 1064 3123; x_wconf 90' lang='lat' dir='ltr'>et</span> <span class='ocrx_word' id='word_1_211' title='bbox 1081 3069 1206 3138; x_wconf 87' lang='lat' dir='ltr'>Hecyrae</span> 
     </span>
    </p>

    <p class='ocr_par' dir='ltr' id='par_1_11' title="bbox 326 3138 1392 3210">
     <span class='ocr_line' id='line_1_28' title="bbox 326 3138 1392 3210; baseline 0.001 -18"><span class='ocrx_word' id='word_1_212' title='bbox 326 3138 427 3208; x_wconf 85' lang='lat' dir='ltr'>prologi</span> <span class='ocrx_word' id='word_1_213' title='bbox 445 3140 599 3208; x_wconf 89' lang='lat' dir='ltr'>posterioris</span> <span class='ocrx_word' id='word_1_214' title='bbox 618 3157 661 3194; x_wconf 80' lang='lat' dir='ltr'>vv.</span> <span class='ocrx_word' id='word_1_215' title='bbox 681 3140 764 3207; x_wconf 70' lang='grc'>41143</span> <span class='ocrx_word' id='word_1_216' title='bbox 795 3180 1204 3195; x_wconf 88' lang='grc'><strong>..........</strong></span> <span class='ocrx_word' id='word_1_217' title='bbox 1242 3156 1266 3210; x_wconf 88' lang='lat' dir='ltr'>p.</span> <span class='ocrx_word' id='word_1_218' title='bbox 1286 3138 1392 3194; x_wconf 80' lang='lat'>54-56</span> 
     </span>
    </p>

    <p class='ocr_par' dir='ltr' id='par_1_12' title="bbox 290 3209 1391 3281">
     <span class='ocr_line' id='line_1_29' title="bbox 290 3209 1391 3281; baseline 0 -18"><span class='ocrx_word' id='word_1_219' title='bbox 290 3209 349 3278; x_wconf 64' lang='lat'>52.</span> <span class='ocrx_word' id='word_1_220' title='bbox 368 3211 409 3264; x_wconf 93' lang='lat' dir='ltr'>De</span> <span class='ocrx_word' id='word_1_221' title='bbox 428 3211 723 3265; x_wconf 86' lang='lat' dir='ltr'>Heautontimorumcni</span> <span class='ocrx_word' id='word_1_222' title='bbox 742 3211 842 3281; x_wconf 86' lang='lat' dir='ltr'>prologi</span> <span class='ocrx_word' id='word_1_223' title='bbox 860 3213 978 3266; x_wconf 75' lang='lat' dir='ltr'>versuti</span> <span class='ocrx_word' id='word_1_224' title='bbox 998 3251 1205 3276; x_wconf 82' lang='grc'><strong>......</strong></span> <span class='ocrx_word' id='word_1_225' title='bbox 1242 3228 1267 3280; x_wconf 93' lang='lat' dir='ltr'>p.</span> <span class='ocrx_word' id='word_1_226' title='bbox 1287 3209 1391 3264; x_wconf 83' lang='grc'>56-61</span> 
     </span>
    </p>
   </div>
   <div class='ocr_carea' id='block_1_11' title="bbox 220 3298 1393 3511">
    <p class='ocr_par' dir='ltr' id='par_1_13' title="bbox 220 3298 1393 3511">
     <span class='ocr_line' id='line_1_30' title="bbox 220 3298 705 3364; baseline 0 -12"><span class='ocrx_word' id='word_1_227' title='bbox 220 3300 250 3352; x_wconf 91' lang='grc' dir='ltr'>Β.</span> <span class='ocrx_word' id='word_1_228' title='bbox 279 3298 503 3364; x_wconf 77' lang='lat' dir='ltr'>Quaestiones</span> <span class='ocrx_word' id='word_1_229' title='bbox 523 3300 705 3355; x_wconf 86' lang='lat' dir='ltr'>scaenicae.</span> 
     </span>
     <span class='ocr_line' id='line_1_31' title="bbox 255 3369 1393 3442; baseline 0.001 -19"><span class='ocrx_word' id='word_1_230' title='bbox 255 3370 341 3438; x_wconf 82' lang='lat' dir='ltr'>Caput</span> <span class='ocrx_word' id='word_1_231' title='bbox 357 3370 383 3423; x_wconf 92' lang='lat' dir='ltr'>I:</span> <span class='ocrx_word' id='word_1_232' title='bbox 403 3371 444 3424; x_wconf 93' lang='lat' dir='ltr'>De</span> <span class='ocrx_word' id='word_1_233' title='bbox 463 3374 601 3440; x_wconf 83' lang='lat' dir='ltr'>poetarum</span> <span class='ocrx_word' id='word_1_234' title='bbox 619 3372 727 3426; x_wconf 77' lang='lat' dir='ltr'>Terenti</span> <span class='ocrx_word' id='word_1_235' title='bbox 746 3372 896 3442; x_wconf 79' lang='lat' dir='ltr'>aequalium</span> <span class='ocrx_word' id='word_1_236' title='bbox 914 3371 1028 3441; x_wconf 88' lang='lat' dir='ltr'>prologis</span> <span class='ocrx_word' id='word_1_237' title='bbox 1066 3415 1071 3425; x_wconf 95' lang='lat'><strong>.</strong></span> <span class='ocrx_word' id='word_1_238' title='bbox 1110 3413 1116 3426; x_wconf 92' lang='lat'><strong>.</strong></span> <span class='ocrx_word' id='word_1_239' title='bbox 1155 3411 1160 3424; x_wconf 93' lang='lat'><strong>.</strong></span> <span class='ocrx_word' id='word_1_240' title='bbox 1199 3411 1206 3424; x_wconf 91' lang='lat'><strong>.</strong></span> <span class='ocrx_word' id='word_1_241' title='bbox 1243 3387 1267 3439; x_wconf 92' lang='lat' dir='ltr'>p.</span> <span class='ocrx_word' id='word_1_242' title='bbox 1287 3369 1393 3425; x_wconf 85' lang='grc'>62-68</span> 
     </span>
     <span class='ocr_line' id='line_1_32' title="bbox 255 3440 1393 3511; baseline 0 -15"><span class='ocrx_word' id='word_1_243' title='bbox 255 3440 341 3510; x_wconf 82' lang='lat' dir='ltr'>Caput</span> <span class='ocrx_word' id='word_1_244' title='bbox 358 3441 399 3494; x_wconf 94' lang='lat' dir='ltr'>II:</span> <span class='ocrx_word' id='word_1_245' title='bbox 419 3441 460 3495; x_wconf 93' lang='lat' dir='ltr'>De</span> <span class='ocrx_word' id='word_1_246' title='bbox 479 3440 576 3495; x_wconf 84' lang='lat' dir='ltr'>fabulis</span> <span class='ocrx_word' id='word_1_247' title='bbox 596 3443 715 3496; x_wconf 88' lang='lat' dir='ltr'>emendis</span> <span class='ocrx_word' id='word_1_248' title='bbox 754 3483 1205 3498; x_wconf 88' lang='grc'><strong>..........</strong></span> <span class='ocrx_word' id='word_1_249' title='bbox 1243 3459 1267 3511; x_wconf 95' lang='lat' dir='ltr'>p.</span> <span class='ocrx_word' id='word_1_250' title='bbox 1287 3441 1393 3496; x_wconf 81' lang='lat'>68-85</span> 
     </span>
    </p>
   </div>
   <div class='ocr_carea' id='block_1_12' title="bbox 0 0 1644 5048">
    <p class='ocr_par' dir='ltr' id='par_1_14' title="bbox 0 0 1644 5048">
     <span class='ocr_line' id='line_1_33' title="bbox 0 0 1644 5048; baseline 0 1"><span class='ocrx_word' id='word_1_251' title='bbox 0 0 1644 5048; x_wconf 95' lang='lat' dir='ltr'> </span> 
     </span>
    </p>
   </div>
  </div>
 </body>
</html>
