3280 5048
721 359 919 424 ..8-

233 522 291 602 alii
310 539 371 602 riri
398 538 529 621 doctisst'
550 539 673 603 solvere
699 538 903 622 studuerunt,
930 539 986 624 sed
1013 557 1086 604 oum
1114 543 1171 603 ant
1193 540 1327 606 nimium
1351 543 1407 604 aut

232 647 344 713 parurn
372 647 414 692 ex
440 629 577 712 prologis
606 627 746 692 effecisse
773 628 851 693 mihi
878 629 1059 711 rideantur,
1086 630 1146 693 hac
1174 629 1219 694 de
1237 647 1272 693 re
1301 628 1410 693 denuo·

235 723 364 781 acturus
383 735 462 782 snm.
498 717 560 782 Sed
579 721 749 802 antequam
768 717 808 780 ad
826 736 895 782 eam
915 737 981 782 rem
1002 719 1105 798 venio,
1124 737 1206 802 quae
1219 723 1267 782 est
1280 719 1406 802 propria
1490 726 1494 736 '

232 813 358 870 nostrae
381 809 584 890 quaestionis,
607 825 625 870 e
647 825 681 870 re
704 825 772 871 esse
793 807 872 870 mihi
895 807 1020 871 ridetur
1042 809 1217 890 inquirere:

251 894 383 959 sintne
406 895 544 976 singull
572 895 714 976 prologi
738 896 947 960 Terentiam
971 899 1128 960 omnino
1154 896 1200 960 ad
1228 899 1386 976 primam

412 984 564 1048 tabulae
587 989 773 1049 actionem
799 988 928 1065 scripti
954 1003 1002 1049 an
1027 985 1074 1049 ad
1099 984 1226 1049 allam.

324 1093 352 1155 1.
375 1091 527 1155 Fabulam
548 1111 662 1157 novam
682 1108 751 1156 esse
768 1099 860 1177 posta
878 1093 974 1178 plane
993 1093 1068 1156 dicit
1086 1095 1119 1156 in
1136 1092 1261 1156 Phorm.
1275 1093 1405 1176 prologo

233 1185 273 1261 (v.
298 1183 354 1244 24:
380 1183 518 1267 ,adporto
542 1182 689 1264 novam‘),
715 1183 747 1245 in
774 1181 905 1266 Adelph.
928 1183 1058 1266 prologo
1086 1182 1128 1266 (r.
1149 1182 1205 1244 12:
1235 1180 1321 1261 ,Ham
1345 1201 1404 1244 nos

232 1271 334 1333 acturi
362 1290 473 1334 sumus
501 1277 639 1348 novam‘3
668 1275 699 1334 et
727 1290 854 1355 quoque
881 1291 931 1333 vv.
955 1273 976 1334 4
1004 1270 1101 1354 sqq),
1130 1272 1163 1334 in
1192 1269 1305 1334 Heaut.
1332 1289 1404 1355 pro·

232 1359 347 1441 log012)
371 1361 412 1441 (v.
434 1360 468 1422 i:
492 1378 617 1440 ,novam
639 1378 708 1424 esse
731 1360 924 1440 ostendi‘).¹⁸)
1368 1413 1372 1424 .

322 1450 352 1512 2.
376 1445 498 1513 Deinde
521 1468 577 1533 pro
600 1450 775 1513 certissimo
799 1449 978 1512 habendum
1002 1457 1048 1512 ost
1069 1447 1215 1512 Eunuchi
1238 1447 1402 1532 prologum

232 1539 364 1621 primam
389 1539 485 1602 huius
509 1538 632 1603 fabulae
656 1541 810 1602 actionem
834 1539 1046 1604 antecessisse.
1082 1536 1182 1622 Legae
1205 1540 1288 1601 enim
1309 1537 1403 1601 relim

233 1645 344 1691 versus
369 1628 411 1691 19
434 1647 515 1712 sqq:
541 1648 656 1712 „quam
678 1647 764 1691 nunc
785 1631 886 1692 acturi
909 1646 1029 1708 sumus,

394 1717 559 1781 Menandri
584 1717 785 1798 Eunuchum,
808 1724 974 1800 postquam
998 1717 1113 1781 aediles
1135 1722 1289 1796 emerunt,

394 1805 528 1869 Perfecit
542 1805 618 1886 (soil.
632 1811 723 1889 poeta
738 1804 852 1888 vetus),
866 1805 926 1868 sibi
941 1812 977 1868 ut
991 1806 1184 1889 inspiciendi
1196 1811 1277 1870 esset
1288 1805 1403 1889 copia“.
1422 1835 1423 1838 ¹

234 1894 350 1977 quibus
378 1913 420 1958 ex
445 1894 549 1958 verbis
577 1900 705 1978 apparet
728 1893 878 1958 Luscium
906 1893 1045 1958 fabulam
1073 1901 1165 1957 antea
1188 1896 1317 1958 omnino
1341 1913 1402 1956 non

233 1984 367 2066 novisse,
392 1981 583 2047 Eunuchum
608 1985 706 2067 igitur
729 1984 869 2047 nondum
893 1990 994 2047 actam
1018 2001 1094 2046 esse.
1131 1983 1220 2047 Idem
1240 1983 1404 2046 confirma-

233 2077 286 2134 tur
309 2072 449 2136 eiusdem
475 2074 594 2157 prologi
619 2093 647 2137 v.
666 2075 724 2136 45:
749 2077 802 2155 „ut
824 2073 1025 2157 pernoscatis,
1050 2073 1126 2156 quid
1150 2071 1210 2136 sibi
1230 2071 1404 2136 Eunuchus
1466 2139 1468 2143 ,

232 2161 333 2225 νθίἰῐ“.
434 2206 437 2210 ‚

326 2252 355 2316 3.
374 2250 452 2315 Tum
473 2252 605 2315 dubium
626 2271 689 2317 non
709 2257 764 2332 est,
784 2251 861 2336 quin
880 2251 1024 2333 Hecyrae
1043 2251 1244 2336 prologorum
1261 2253 1348 2336 prior
1366 2252 1405 2315 ad

234 2340 416 2423 secundem,
439 2343 592 2425 posterior
615 2342 654 2414 ad
673 2342 796 2406 tertiam
816 2341 911 2406 huius
928 2341 1053 2406 lebuine
1069 2342 1224 2406 actionem
1242 2342 1404 2425 pertineat.

322 2519 354 2586 ¹¹)
368 2519 575 2573 Paeclrelmann:
593 2519 643 2584 ,De
655 2519 748 2572 ordine
761 2518 869 2572 Terenti
885 2517 1036 2572 fabularum
1053 2519 1219 2586 potissimum
1231 2517 1346 2587 prologis
1359 2517 1404 2570 ad-

232 2589 339 2644 hibitis‘.
377 2591 446 2644 Diss
466 2590 553 2660 inaug.
572 2589 697 2644 Halensis
718 2589 795 2644 1875.
816 2620 847 2628 -
866 2589 947 2644 Fabia
964 2589 981 2643 l.
994 2605 1015 2643 s.
1029 2605 1050 2642 s.
1063 2606 1089 2657 p.
1100 2591 1134 2644 45
1147 2605 1204 2658 sqq.
1225 2619 1257 2628 —
1276 2590 1404 2644 Herrma·
1507 2607 1508 2610 ¹

205 2666 209 2672 '
232 2661 332 2714 nowslri
350 2659 367 2714 l.
387 2677 408 2714 a.
427 2677 448 2714 s.
468 2678 493 2729 p.
513 2661 628 2716 30-40.
649 2690 681 2699 -
701 2661 736 2713 oi.
756 2659 786 2713 Ο.
806 2659 923 2714 Ribbeck
941 2658 958 2712 l.
978 2675 999 2713 s.
1018 2675 1040 2712 s.
1061 2677 1084 2726 p.
1107 2660 1165 2714 159.

326 2731 358 2800 ¹²)
377 2732 523 2785 Praeterea
540 2731 630 2785 multis
649 2729 707 2784 aliis
725 2730 823 2784 Heaut.
841 2729 942 2799 prologi
960 2729 1024 2784 loeis
1043 2731 1107 2783 satis
1127 2731 1326 2784 demonstratur
1343 2747 1404 2798 pro-

232 2802 320 2870 logum
349 2803 382 2856 ad
409 2803 522 2870 primam
549 2801 654 2856 fabulae
682 2801 814 2855 actionem
837 2801 1010 2854 referendum
1034 2815 1107 2868 esse3
1135 2800 1213 2855 sicuti
1231 2801 1257 2868 a)
1276 2819 1320 2855 vv.
1339 2801 1405 2872 33l4

232 2889 329 2944 „quom
338 2873 411 2928 dabit
420 2873 483 2928 alias
493 2877 593 2927 novas‘
603 2871 726 2936 scilicet:
738 2874 777 2938 ,ut
785 2889 858 2926 nuno
867 2873 936 2926 hanc
946 2887 1042 2926 noram
1051 2870 1200 2940 fabulam‘);
1214 2887 1266 2940 quo
1276 2889 1337 2926 cum
1346 2871 1404 2926 loco

233 2961 371 3013 compares
389 2946 514 3014 Hecyrae
533 2944 633 3013 prologi
651 2945 678 3027 Il
696 2960 722 3026 y.
736 2943 771 2999 48
791 2946 838 3010 „nt
856 2943 921 2998 mihi
939 2944 1047 3027 discere
1056 2944 1145 2999 Novas
1164 2944 1315 3026 expediat‘t,
1326 2945 1404 3026 ¹ruule

232 3018 343 3142 titii
360 3015 1405 3167 {fillisilliriblsldlufihliulllrdllffieillfflplilllililss

197 3191 199 3194 ·
232 3162 267 3214 33
291 3162 319 3214 et
336 3161 372 3213 34
389 3159 417 3213 in
437 3159 561 3229 Hecyrae
579 3159 686 3229 prologo
705 3158 788 3214 altero
807 3159 869 3228 poni
889 3161 1026 3223 vetentur,
1054 3161 1081 3214 id
1101 3159 1169 3227 quod
1189 3158 1404 3211 Herrmanowsln

231 3231 248 3284 l.
268 3247 289 3285 s.
309 3247 330 3284 s.
349 3248 375 3299 p.
396 3231 429 3285 16
448 3246 504 3300 sqq.
529 3232 673 3299 proposuit.
711 3231 738 3298 b)
757 3249 783 3285 v.
802 3231 850 3285 46:
878 3231 924 3298 „in
942 3231 992 3284 hac
1012 3232 1053 3284 cst
1070 3245 1138 3297 pura
1155 3228 1268 3291 oretio“;
1288 3227 1405 3296 loquitur

232 3305 322 3356 autem
343 3301 479 3356 Ambivius
502 3303 536 3356 de
559 3301 656 3356 fabulis
679 3302 755 3356 novis
774 3302 820 3370 (ci.
839 3318 864 3355 v.
884 3303 918 3355 43
937 3302 1001 3368 sq.);
1029 3302 1170 3369 praeterea
1187 3299 1253 3354 hacc
1272 3299 1362 3367 verba,
1381 3298 1404 3352 si

233 3372 324 3427 iabula
341 3376 422 3427 antea
439 3376 499 3427 acta
516 3375 596 3440 esset,
615 3371 753 3440 superflua
771 3374 870 3426 essent.

324 3443 354 3512 ¹³)
372 3443 527 3498 Terentium
546 3459 627 3498 versu
646 3445 663 3496 4
682 3460 734 3510 „ex
746 3444 852 3513 integra
863 3443 965 3497 Graeca
976 3443 1108 3512 integram
1121 3440 1301 3496 comoediam
1314 3444 1403 3497 osten-

232 3516 303 3570 disse
329 3515 446 3570 iabnlam
473 3531 571 3570 novam
599 3530 658 3569 esse
686 3515 753 3568 vidit
770 3513 926 3569 Skutschius
953 3514 992 3582 (in
1011 3513 1139 3582 Philologi
1158 3513 1208 3567 vol.
1228 3513 1292 3567 LIX
1312 3514 1402 3583 [1900]

233 3604 257 3654 p.
279 3588 291 3639 1
313 3589 390 3655 sqq).
414 3587 457 3641 cui
479 3586 508 3639 in
531 3586 582 3640 hoo
600 3601 683 3641 versu
699 3586 899 3654 interpretando
918 3586 1034 3640 maxime
1053 3583 1191 3640 assentior.
1229 3586 1264 3639 ci.
1284 3601 1352 3654 quae
1370 3587 1403 3639 de

232 3657 322 3711 iabula
343 3674 413 3712 nova
430 3658 577 3712 Roehricht
594 3676 619 3727 p.
633 3659 651 3712 4
669 3658 866 3727 („quaestioues
889 3658 1026 3712 scaenicae
1052 3673 1087 3710 ex
1106 3655 1219 3726 prologis
1236 3658 1343 3711 Terent.
1356 3673 1403 3725 pe-

232 3731 323 3794 titae“,
342 3746 409 3798 quae
429 3730 535 3784 dissert.
547 3729 636 3799 inaug.
649 3729 721 3784 inest
738 3729 766 3783 in
786 3729 906 3794 ,Dissert
921 3728 1010 3796 philol.
1023 3730 1173 3797 mgentem
1192 3727 1244 3782 vol.
1258 3728 1298 3782 lX
1312 3728 1402 3797 [1885]

232 3819 258 3870 p.
277 3801 329 3855 293
348 3801 416 3869 sqq.)
436 3801 567 3871 exposuit,
586 3802 631 3871 qui
651 3801 756 3870 egregie
775 3800 839 3855 dicit
856 3817 953 3854 novam
971 3816 1024 3854 non
1037 3798 1164 3868 appellari
1177 3800 1338 3853 comoediam
1353 3799 1403 3852 nisi

233 3887 300 3940 quae
328 3872 483 3926 err-Graeca
505 3872 595 3927 tabula
617 3871 728 3927 anullo
747 3874 826 3926 antea
844 3872 943 3926 comico
961 3871 1056 3926 Latino
1075 3885 1206 3925 conversa
1223 3871 1258 3924 sit
1277 3885 1405 3939 expressa

233 3945 269 4011 (h.
289 3960 312 3998 e.
331 3944 381 3998 hoc
400 3943 470 3998 loco:
499 3961 551 4011 „ex
576 3946 682 4014 integra
700 3944 829 4012 Graeca“)
854 3944 1000 4012 eademque
1019 3942 1134 4011 primum
1154 3943 1222 4010 apud
1241 3943 1404 4010 spectatores

232 4015 294 4068 data
312 4015 348 4082 (h.
368 4031 391 4070 e.
417 4015 566 4084 „integram
589 4016 790 4082 comoediam“).
827 4015 888 4068 Non
905 4029 1015 4082 prorsus
1033 4017 1107 4068 recte
1126 4013 1271 4067 Flaminius
1290 4012 1404 4066 Nenciui

232 4086 301 4155 (‚,De
319 4086 443 4141 Terentio
462 4087 573 4155 eiusque
591 4087 727 4140 fontibus“
746 4085 856 4140 Liburni
876 4086 955 4150 18911
974 4102 999 4154 p.
1013 4085 1048 4141 64
1062 4100 1100 4154 sq.
1121 4114 1153 4123 —
1174 4086 1318 4152 Perperam
1337 4097 1404 4135 non-

233 4156 298 4212 nnlli
323 4159 374 4211 viri
395 4158 465 4212 docti
485 4160 648 4227 putaverunt
665 4158 715 4211 hoc
733 4173 815 4211 versu
833 4157 885 4212 dici
903 4156 1020 4212 fabulam
1038 4173 1091 4211 non
1111 4155 1316 4210 contaminatam
1335 4169 1404 4221 esse,

233 4229 304 4282 sicut
321 4229 445 4284 Daiatzlro
469 4229 497 4282 in
520 4229 625 4284 dissert.
645 4229 733 4296 inaug.
753 4245 778 4297 p.
797 4229 823 4294 8,
842 4229 991 4283 Karstenns
1009 4228 1027 4282 l.
1046 4244 1067 4283 s.
1086 4243 1108 4282 s.
1128 4247 1153 4298 p.
1175 4227 1234 4295 196,
1253 4225 1405 4298 Wagnerus

233 4302 259 4358 iu
279 4301 387 4359 Terenti
403 4299 553 4359 fabularum
572 4300 634 4357 edit.
654 4299 821 4376 (Canibridge
843 4299 929 4373 1869).
