3280 5048
747 279 877 341 ...¹32
926 316 967 326 ..-

216 503 219 510 .
271 457 378 521 minus
406 458 491 520 enim
518 462 602 522 recte
625 457 756 539 cogitari
779 462 881 541 potest
903 456 1087 522 Terentium
1111 461 1180 522 tum
1204 459 1349 540 demum,
1376 480 1448 526 cum

271 545 448 610 Eunuchus
474 545 582 722 fab)ula
610 547 748 610 maxime
775 547 948 631 placuerat,
979 547 1018 611 de
1041 547 1187 628 Hecyrae
1210 547 1298 614 clade
1323 569 1451 616 monere

272 655 387 700 ausum
411 637 519 700 esse.⁶⁹

362 724 391 805 b)
414 725 606 790 Addendum
630 730 678 790 est
703 725 804 789 aliud:
827 724 927 790 Oertis
950 727 1146 809 argumentis
1169 727 1231 790 nisi
1256 726 1442 794 Eunuchum

271 816 366 900 paulo
395 821 468 879 ante
491 815 653 899 Adelphos
677 819 778 878 actam
803 833 871 880 esse
894 815 1120 880 intelleximus.
1167 815 1215 880 Ne
1228 817 1299 880 hac
1322 819 1449 902 quidem

271 923 306 968 re
334 906 569 968 demonstratur
594 903 755 988 Adelphos
783 902 940 968 Eunucho
969 905 1146 988 proximam
1174 904 1315 970 fabulam
1344 907 1450 972 hrisse.

272 994 401 1058 Etenim
423 993 499 1056 furti
519 995 638 1057 crimen
658 1012 695 1056 eo
717 993 819 1075 modo,
844 1012 907 1076 quo
926 995 957 1056 in
979 993 1146 1078 Adelphon
1165 993 1295 1078 prologo
1314 998 1451 1080 respicit,

271 1089 364 1168 poeta
391 1083 546 1165 respicere
573 1101 636 1146 non
667 1087 788 1166 poteret
815 1084 877 1146 nisi
901 1083 935 1146 in
957 1083 1087 1167 prologo
1111 1084 1180 1148 eius
1202 1083 1341 1167 fabulae,
1370 1105 1451 1170 quae

273 1174 300 1236 si
323 1178 392 1236 acta
416 1175 506 1254 esset,
529 1171 726 1236 adversarios
748 1172 832 1236 idem
856 1172 977 1236 crimen
1001 1171 1179 1238 obiecturus
1202 1191 1271 1237 esse
1292 1181 1384 1258 poeta
1403 1177 1449 1239 di-

273 1262 410 1328 vinabat.
458 1261 607 1326 Phormio
635 1263 733 1344 igitur
762 1267 798 1340 ut
821 1267 890 1324 acta
913 1265 955 1324 sit
977 1262 1060 1324 inter
1082 1261 1275 1326 Eunuchum
1299 1269 1330 1328 et
1352 1266 1450 1329 Adel-

273 1351 361 1435 phos,
384 1358 488 1415 lamen
514 1370 585 1414 cum
610 1351 692 1413 hanc
715 1349 853 1413 fabulam
878 1368 919 1414 ex
942 1369 1007 1414 una
1030 1351 1217 1435 integraque
1237 1350 1356 1418 Graeca
1379 1374 1449 1419 ver-

273 1442 412 1524 tisset,l⁰)
448 1458 541 1504 nemo
572 1440 652 1504 illud
685 1440 804 1503 crimen
836 1438 979 1521 Terentio
1013 1439 1136 1504 obicere
1166 1443 1277 1526 potuit.
1334 1443 1449 1508 Contra

272 1529 436 1595 Terentius
454 1532 488 1592 in
502 1528 665 1613 Adelphos
683 1547 772 1592 suam
792 1547 833 1592 ex
848 1526 967 1613 Diphili
986 1528 1093 1593 fabula
1112 1524 1448 1619 Συναποθνῇσωντες,

275 1640 370 1705 quam
393 1622 456 1683 iam
481 1618 633 1683 aPlauto
656 1624 841 1702 usurpatam
864 1637 933 1682 esse
956 1623 988 1682 et
1009 1617 1174 1684 Terentius
1194 1626 1225 1684 et
1242 1622 1347 1704 iniqui
1366 1623 1449 1686 haud

274 1709 472 1794 ignorabant,
495 1727 591 1773 unam
615 1725 761 1772 scaenam
780 1707 1001 1785 transtulerat;
1024 1727 1120 1791 quam
1139 1710 1198 1772 etsi
1218 1707 1352 1775 Plautus
1371 1715 1448 1776 inte·

274 1819 365 1884 gram
387 1799 566 1882 reliquerat,
588 1803 695 1860 tamen
719 1796 867 1860 facillime
889 1795 959 1860 fieri
982 1803 1112 1880 poterat,
1135 1803 1171 1862 nt
1191 1797 1239 1861 illi
1258 1801 1449 1866 criminatio·

275 1908 349 1953 nem
379 1888 483 1952 denuo
512 1904 656 1970 promere
683 1885 844 1949 auderent.
891 1884 940 1949 Ob
969 1905 1038 1949 eam
1066 1888 1163 1969 igitur
1190 1905 1256 1951 rem
1284 1887 1447 1951 Terentius

273 1979 307 2040 in
340 1977 505 2060 Adelphon
540 1976 669 2060 prologo
700 1973 781 2038 illud
814 1975 932 2038 crimen
968 1975 1113 2059 respexit.
1143 2012 1184 2022 -
1214 1975 1321 2060 Neque
1348 1977 1445 2058 igitur

274 2085 404 2130 necesse
423 2077 470 2129 est
489 2072 544 2128 aut
562 2064 786 2128 Phormionem
805 2065 955 2127 continuo
974 2069 1045 2146 post
1062 2062 1445 2129 Heautontimorumenos

275 2160 377 2220 actam
401 2174 469 2220 esse
493 2159 547 2219 aut
566 2153 757 2216 Eunuchum
782 2158 813 2216 et
831 2152 1004 2237 Adelphos,
1027 2154 1085 2217 etsi
1109 2174 1205 2238 parvo
1229 2155 1330 2237 spatio
1352 2155 1448 2218 inter-

274 2247 372 2310 misso
395 2251 482 2308 actae
505 2249 589 2324 sunt,
611 2243 800 2306 continuum
823 2242 967 2306 ordinem
990 2241 1121 2306 efficere.
1217 2295 1222 2301 .

363 2332 415 2397 Ex
438 2333 576 2418 prologis
598 2333 697 2416 igitur
719 2329 795 2396 sohs
818 2332 964 2415 cognosci
988 2336 1090 2414 potest
1112 2333 1190 2396 haec
1212 2333 1310 2395 series

276 2477 573 2563 Lprologorum:
628 2474 670 2542 Π.
693 2473 925 2538 fabularum:

1133 2539 1216 2603 quae
1237 2517 1364 2582 fabulae
1392 2520 1450 2582 etsi

1160 2610 1348 2673 continuum
1372 2627 1421 2672 or·

1152 2697 1258 2760 dinem
1282 2696 1433 2779 efficiunt,
1509 2692 1513 2695 ⁷

1171 2791 1291 2870 quanto
1315 2787 1415 2870 spatio

1144 2875 1324 2939 intermisso
1348 2881 1434 2938 actae

1133 2965 1209 3047 sint,
1241 2984 1283 3028 ex
1314 2963 1450 3048 prologis

1171 3073 1235 3118 non
1260 3054 1419 3118 discimus.

631 2565 658 2628 l.
684 2564 823 2627 Andriae
835 2565 925 2643 actio,
938 2564 977 2627 ad
991 2583 1085 2648 quam

298 2656 450 2737 Andriae,
682 2652 831 2736 prologus
840 2654 1087 2736 pertinet3quae

298 2744 578 2816 Heautontimoru-
683 2742 826 2825 primane
859 2741 953 2804 fuerit
988 2760 1087 2804 necne

208 2831 211 2836 ’
481 2831 587 2917 [meni
683 2831 851 2894 nescimus.

299 2922 457 3005 Eunuchi,
630 2922 660 2986 2.
684 2918 829 3001 Hecyrae
851 2919 953 3003 prima
977 2921 1058 2983 actio

299 3013 524 3097 Adelphorum,
632 3011 659 3074 3.
684 3007 1038 3073 Heautontimorumeni

872 3098 974 3182 prima
997 3100 1086 3162 actio.

652 3276 801 3340 Eunuchi
824 3276 926 3359 prima
949 3277 1030 3338 actio
1110 3275 1232 3345 lfactae
1256 3280 1332 3340 sunt
1354 3293 1452 3358 parvo

652 3365 818 3449 Adelphou
834 3366 938 3448 prima
953 3366 1034 3428 actio
1108 3347 1233 3448 ispatio
1263 3364 1451 3427 intermisso.

628 3453 775 3535 Hecyrae
799 3455 937 3517 secunda
961 3454 1041 3518 actio
1132 3453 1221 3516 nulla
1245 3454 1306 3516 alia
1327 3451 1452 3517 Terenti

543 3507 584 3572 Π·
629 3543 774 3626 Hecyrae
797 3545 888 3606 tertia
911 3544 992 3606 actio
1132 3541 1241 3605 fabula
1265 3544 1453 3605 intermissa.

299 3333 444 3414 Hecyrae
456 3333 533 3416 prol.
541 3331 574 3412 I.,

300 3512 445 3594 Hecyrae
456 3511 533 3595 prol.

368 3673 515 3737 Phormio
548 3671 645 3753 igitur
679 3674 734 3732 aut
765 3673 837 3732 ante
871 3667 1065 3731 Eunuchum
1098 3672 1153 3730 aut
1189 3673 1262 3730 ante
1289 3665 1453 3750 Adelphos

278 3768 341 3847 aut,
365 3763 397 3826 id
421 3762 506 3847 quod
529 3765 656 3844 propter
679 3758 880 3825 Phormionis
902 3756 1025 3840 prologi
1047 3775 1098 3818 vv.
1126 3757 1165 3820 12
1190 3776 1259 3840 sqq.
1282 3775 1346 3818 non
1370 3757 1452 3818 veri-

368 3938 401 4004 69)
420 3938 456 3992 ci.
475 3937 548 3990 infra
565 3953 590 4005 p.
610 3937 644 3990 33
664 3935 724 3989 adn.
745 3934 787 3987 71.
1176 3989 1177 3992 Ἴ

371 4009 401 4078 ⁷⁰)
419 4008 609 4062 Phormionem
629 4004 832 4062 contaminatam
847 4017 908 4056 esse
921 4001 1061 4057 Rummler
1074 4003 1256 4073 (quaestiones
1268 4002 1453 4056 Terentianae.

278 4082 383 4135 dissert.
407 4081 495 4148 inaug.
519 4079 578 4135 Hal.
604 4079 673 4134 1873
699 4093 725 4144 p.
752 4075 785 4128 22
812 4075 881 4142 sqq.)
906 4073 1047 4129 ostendere
1073 4075 1188 4141 studuit;
1213 4089 1356 4144 perperam
1381 4088 1453 4126 sane.

278 4155 313 4206 cf.
333 4151 440 4206 Fabiam
463 4151 480 4206 l.
500 4167 521 4205 s.
541 4167 562 4205 s,
582 4168 607 4219 p.
628 4150 679 4204 189
698 4163 736 4215 sq.
763 4144 903 4216 (imprimis
926 4162 951 4212 p.
975 4146 1023 4200 190
1041 4164 1068 4199 n.
1088 4146 1113 4213 1)
1138 4149 1166 4200 et
1184 4146 1228 4200 W.
1242 4145 1408 4213 Wagnerum
1426 4143 1455 4196 in

279 4223 403 4278 Bursiani
422 4222 593 4277 relationibus
612 4221 626 4275 l
645 4220 736 4286 (1873)
755 4234 779 4288 p.
799 4217 860 4270 449.
