3280 5048
718 354 939 420 ..12-

401 532 522 617 „Vetus
545 533 572 598 si
596 539 687 618 poeta
710 553 774 598 non
797 533 973 600 lacessisset
996 537 1089 621 prior,

402 623 556 688 Nullum
580 625 754 689 invenire
776 625 974 708 prologum
997 632 1125 710 posset
1147 647 1277 710 norea,

403 711 504 790 Quem
528 713 653 793 diceret,
676 715 737 776 nisi
761 712 1078 796 haberet,cui1nale
1104 716 1244 782 diceret‘t

332 803 362 883 d)
386 801 532 887 Denique
555 821 666 866 versus
689 804 836 866 31--33:
1247 863 1249 870 ,

402 892 468 972 „Nc
491 892 585 956 simili
611 897 737 956 utamur
759 893 885 956 fortuna
908 897 1003 976 atquc
1027 895 1076 957 usi
1099 913 1211 958 sumus

403 979 505 1058 Quom
528 999 585 1065 per
607 981 779 1046 tumultum
803 988 910 1046 noster
932 1001 1011 1065 grex
1033 985 1141 1048 motus
1161 983 1274 1048 locost:

402 1068 504 1147 Quem
527 1072 640 1134 actoris
663 1073 765 1134 virtus
787 1071 878 1134 nobis
901 1073 1038 1135 restituit
1060 1073 1183 1136 locuni*
1206 1093 1253 1157 sq.

241 1166 427 1242 argumento
446 1164 521 1223 sunt
536 1165 609 1224 ante
623 1158 843 1224 Phormionem
861 1161 940 1223 duas
955 1162 1123 1225 minimum
1139 1163 1277 1226 actiones
1292 1162 1413 1227 fabula·

241 1269 313 1312 rum
324 1249 585 1314 Terentianarum
597 1249 694 1313 factas
706 1269 783 1329 esse,
796 1269 931 1332 quarum
945 1270 1008 1312 una
1020 1256 1131 1314 exacta
1143 1258 1198 1331 est,
1211 1253 1308 1316 altera
1319 1255 1413 1317 stetit.

331 1341 359 1404 5.
386 1337 538 1402 Venimus
564 1339 602 1401 ad
623 1338 875 1419 Adelphorum
901 1339 1074 1423 prologum,
1099 1358 1192 1423 quem
1217 1341 1256 1405 ad
1280 1343 1413 1425 primam

241 1429 381 1492 omnium
401 1427 524 1491 Terenti
547 1427 684 1491 fabulam
709 1434 849 1513 spectare
871 1448 935 1492 non
958 1447 1050 1512 posse
1072 1435 1256 1512 apparator
1272 1450 1301 1494 v.
1316 1431 1333 1493 1
1351 1451 1411 1515 sq.:

401 1517 592 1601 „Postquam
615 1524 705 1602 poeta
728 1518 848 1581 sensit
870 1519 1057 1601 scripturam
1080 1537 1172 1582 suam

401 1605 451 1671 Ab
474 1609 595 1690 iniquis
618 1607 778 1672 observari
801 1608 876 1672 etc“.

330 1695 453 1760 Deinde
480 1715 554 1760 eum
581 1698 758 1781 complures
786 1704 878 1760 antea
909 1695 1031 1761 fabulas
1054 1697 1199 1762 docuisse
1222 1699 1413 1762 concluseris

240 1805 282 1850 ex
300 1806 329 1848 v.
353 1787 391 1848 15
412 1805 472 1869 sq.:
502 1785 602 1866 „Nam
630 1786 715 1868 quod
742 1788 794 1849 isti
823 1786 932 1849 dicunt
958 1786 1109 1867 malivoli,
1137 1788 1279 1851 homines
1298 1787 1412 1851 nobilis

400 1874 483 1937 Eum
508 1875 649 1938 adiutare
673 1875 900 1958 adsidueque
923 1895 987 1939 una
1010 1875 1146 1940 scribere
1170 1924 1176 1939 .
1200 1925 1207 1938 .
1231 1877 1257 1939 .“

330 1964 359 2026 6.
385 1964 542 2042 Hecyrae
568 1967 690 2044 priore
716 1963 868 2045 prologo
893 1964 1043 2048 probatur

401 2053 558 2135 Hecyram
584 2060 675 2118 antea
698 2055 749 2138 agi
773 2062 914 2138 coeptam
938 2073 1007 2118 esse
1030 2054 1071 2138 (v.
1098 2056 1114 2116 l
1140 2055 1230 2139 sqq),

401 2143 477 2206 alias
493 2162 621 2227 quoque
636 2143 760 2207 Terenti
776 2143 898 2208 fabulas
914 2150 999 2207 actas
1015 2163 1083 2207 esse
1099 2150 1130 2207 et
1143 2144 1300 2228 placuisse
1316 2143 1357 2228 (r.
1370 2143 1411 2226 8).

332 2233 359 2297 7.
383 2230 529 2316 Denique
553 2250 594 2295 ex
622 2233 781 2311 Hecyrae
803 2232 954 2313 prologo
975 2233 1093 2297 altero
1111 2234 1330 2318 cognoscimus
1348 2232 1413 2297 He·

240 2342 349 2404 cyram
371 2321 420 2385 bis
443 2328 535 2387 antea
558 2328 702 2386 exactam
725 2341 801 2387 esse.

330 2411 549 2476 Conclusio:
578 2411 630 2475 Ex
657 2413 791 2496 singulis
817 2412 915 2494 igitur
941 2412 1094 2497 prologis,
1122 2417 1157 2475 ut
1181 2413 1287 2476 omnia
1310 2411 1412 2475 adhuc
1470 2483 1472 2490 ,

240 2503 384 2585 exposita
412 2503 723 2586 comprehendamus,
751 2521 813 2565 non
840 2503 938 2565 multa
961 2503 1000 2566 ad
1023 2521 1134 2564 verum
1158 2502 1360 2586 prologorum
1382 2507 1413 2564 et

239 2591 418 2654 fabularum
447 2593 589 2655 ordinem
617 2593 804 2674 pertinentia
836 2592 947 2654 lucrati
970 2610 1089 2655 snmus.
1125 2591 1233 2655 Unum
1256 2610 1331 2656 vcro
1355 2592 1413 2654 hoc

240 2681 356 2743 summi
384 2685 431 2743 est
459 2682 623 2743 momenti:
654 2682 861 2763 cognovimus
889 2681 1029 2744 Andriae
1054 2679 1228 2763 prologum,
1258 2685 1412 2764 quantum

240 2788 281 2832 ex
311 2770 370 2832 hoc
398 2770 464 2832 solo
493 2769 633 2833 iudicare
660 2788 842 2852 possumus,
874 2771 1016 2832 omniurn
1045 2767 1247 2852 prologorum
1274 2770 1413 2853 primum

240 2877 317 2937 esse,
340 2879 403 2942 qua
426 2878 459 2922 re
483 2861 608 2937 cognita
631 2859 757 2921 initium
780 2859 981 2942 proicgcrum
1005 2859 1098 2922 seriei
1115 2859 1304 2922 invenimus.
1339 2857 1413 2922 Huc

240 2949 360 3012 accedit
387 2948 482 3012 aliud.
518 2949 643 3012 Scimus
670 2949 754 3012 enirn
783 2950 919 3034 primurn
942 2948 1128 3012 Terentium
1151 2947 1199 3014 bis
1222 2949 1413 3012 calamitates

240 3041 395 3122 accepisse
413 3039 457 3120 (et
475 3058 548 3102 cum
563 3033 689 3120 Hecyra
706 3041 842 3122 primum
859 3047 890 3103 et
904 3058 978 3104 cum
993 3040 1108 3103 iterum
1122 3039 1288 3120 ageretur),
1300 3036 1412 3101 deinde

242 3128 321 3191 duos
343 3127 468 3191 Terenti
493 3129 647 3212 prologos,
671 3136 702 3192 et
719 3127 1071 3194 Heautontimorumeni
1094 3134 1125 3192 et
1142 3127 1287 3208 Hecyrae
1308 3125 1412 3208 prolo-

239 3237 315 3298 gum
345 3218 492 3297 alterum,
521 3217 559 3280 ab
588 3220 656 3302 ipso
685 3219 812 3282 dominc
835 3222 938 3301 gregis
960 3218 1180 3302 pronuntiatos
1203 3233 1278 3278 esse.
1325 3212 1412 3275 Haec

240 3325 313 3368 cum
336 3308 456 3369 ratione
480 3312 563 3369 certe
585 3309 667 3370 inter
690 3326 724 3369 se
743 3309 939 3384 cohaereant,
961 3325 1086 3369 summa
1105 3323 1178 3367 oum
1197 3301 1412 3366 verisimilitu-

240 3396 313 3458 dine
332 3396 475 3478 srquitur
493 3397 641 3479 primum,
661 3403 696 3458 ut
710 3393 1089 3458 Heautontimorumenos
1109 3392 1198 3455 nulla
1212 3392 1273 3454 alia
1287 3390 1411 3454 Terenti

239 3484 345 3548 fabula
362 3487 540 3547 intermissa
556 3493 626 3568 post
639 3483 782 3565 Hecyrae
798 3485 931 3568 primam
946 3485 1099 3547 actionem
1113 3489 1182 3545 acta
1194 3482 1287 3561 sit,²¹)
1300 3480 1412 3544 deinde

240 3583 275 3638 ut
288 3574 432 3656 Hecyrae
451 3576 542 3637 tertia
558 3575 639 3637 actio
654 3573 825 3637 secundam
842 3574 1007 3657 exceperit.
1043 3577 1087 3635 At
1098 3571 1262 3635 Terentius
1278 3570 1411 3634 alterum

239 3662 383 3744 Hecyrae
405 3664 570 3747 prologum
595 3661 634 3726 cb
658 3682 728 3726 earn
751 3663 849 3726 sclam
873 3682 939 3726 rem
959 3663 1018 3747 ipsi
1039 3661 1187 3724 Ambivio
1205 3661 1412 3745 pronuntian-

240 3752 316 3815 dum
332 3752 468 3832 tradidit,
484 3753 569 3837 quud
586 3753 695 3816 eadem
710 3752 817 3815 fabula
833 3759 925 3816 antea
943 3789 982 3798 -
999 3752 1130 3816 fortasse
1146 3753 1246 3814 multo
1261 3756 1354 3814 antea
1370 3785 1411 3794 —

239 3841 287 3905 bis
316 3847 426 3907 exacta
454 3850 528 3906 erat.
580 3841 739 3923 Concedo;
768 3861 841 3906 cum
869 3861 944 3906 vero
967 3841 1114 3924 Hecyrae
1141 3842 1257 3905 iterum
1285 3843 1413 3904 exactae

238 3933 389 3996 memoria
417 3933 450 3994 in
479 3933 567 3995 nullo
595 3931 718 3995 Terenti
747 3932 874 4016 prologo
903 3936 1019 4012 exstet,
1051 3931 1318 3995 verisimillimum
1345 3947 1413 3992 esse

238 4026 315 4105 puto
348 4039 412 4084 non
439 4022 532 4085 modo
561 4020 706 4105 Hecyrae
733 4023 856 4085 tertiam
884 4022 1039 4085 actionem
1068 4019 1213 4102 Hecyrae
1240 4017 1412 4082 secundam

239 4111 395 4175 actionem
423 4111 624 4175 subsecutam
652 4130 732 4193 esse,
760 4111 814 4174 scd
844 4111 939 4175 etiarn
962 4112 1042 4174 hanc
1066 4114 1234 4192 utramque
1257 4108 1410 4171 actionem

239 4257 452 4264 -.-.-..-.

330 4307 362 4373 ²¹)
386 4307 428 4360 lta
451 4306 503 4360 iarn
521 4305 738 4360 Herrmancuslri
756 4304 773 4357 l.
794 4321 814 4358 s.
834 4321 854 4358 s.
877 4323 899 4373 p.
914 4305 956 4360 30.
987 4335 1018 4345 -
1047 4301 1189 4360 Schinrller
1205 4301 1222 4356 l.
1243 4317 1263 4354 a.
1283 4316 1304 4354 s.
1324 4317 1349 4368 p.
1369 4302 1412 4355 33.
