3280 5048
753 337 973 402 ..40-

436 516 508 596 §3-
558 515 607 580 lle
630 514 929 580 adversariorum
955 511 1293 578 criminationibus.

369 621 577 706 Prologorum
600 627 631 684 et
653 619 834 684 fabularum
858 620 943 696 ordo,
966 637 1063 704 quem
1086 619 1266 700 statuimus,
1288 618 1452 682 insimula·
1482 603 1487 612 ¹

278 712 402 776 tionum
425 729 552 794 quoque
575 711 829 773 adversariorum
846 707 1018 792 generibus
1036 707 1129 772 valde
1146 707 1251 770 fulciri
1270 708 1348 770 mihi
1366 707 1453 771 vide-

279 805 339 863 tur.
386 799 527 863 Primam
554 801 640 863 enim
667 799 922 886 criminationem
954 797 1208 861 adversariorum
1242 801 1382 880 spectare
1414 797 1453 860 ad

278 888 403 954 Terenti
421 889 721 953 contaminationem
744 888 890 951 vidimus.
925 885 994 951 Nec
1010 888 1143 950 mirum:
1168 884 1302 950 Luscius
1322 885 1453 970 eiusque

279 978 416 1042 asseclae
443 976 570 1042 Caecilii
598 978 730 1061 vestigia
762 977 915 1060 persecuti
945 974 1069 1039 fabulas
1098 974 1235 1040 Graecas
1261 974 1453 1038 verbotenus

279 1067 450 1131 vertebant.
487 1064 700 1141 Quamobrem
722 1065 755 1129 id
778 1071 851 1129 ante
873 1066 980 1130 omnia
1003 1083 1056 1128 eos
1074 1063 1213 1146 offendit,
1235 1063 1322 1148 quod
1339 1063 1454 1128 Teren·

279 1157 343 1219 tius
370 1160 461 1238 poeta
488 1174 591 1220 novus
619 1154 763 1220 consulto
792 1153 947 1218 Graecum
976 1153 1157 1237 exemplum
1176 1152 1331 1218 liberiore
1358 1152 1453 1218 modo

279 1248 475 1325 tractaverat,
498 1244 577 1307 duas
600 1243 724 1307 fabulas
744 1242 879 1307 Graecas
903 1245 936 1306 in
954 1262 1051 1306 unam
1070 1242 1228 1306 Andriam
1252 1239 1452 1306 conflaverat

280 1332 352 1397 Hoc
369 1334 467 1416 igitur
479 1334 508 1397 ei
519 1331 710 1396 obiecerunt
744 1331 910 1396 Terentius
928 1342 1033 1396 autem
1050 1331 1089 1395 ad
1105 1330 1273 1414 Naevium,
1293 1331 1452 1412 Plautum,

279 1420 421 1485 Ennium
443 1423 633 1505 provocavit.
669 1419 739 1496 Qua
761 1440 796 1486 re
819 1441 881 1486 non
906 1422 1046 1485 contenti
1069 1421 1240 1484 adversarii
1258 1426 1327 1484 tum
1345 1438 1452 1484 rumo-

279 1529 330 1574 res
357 1510 549 1576 distulemnt
570 1510 750 1575 Terentium
779 1517 815 1575 ut
842 1529 939 1575 unam
965 1509 1105 1573 fabulam
1127 1507 1308 1591 conficeret,
1338 1510 1453 1573 multas

280 1598 415 1665 Graecas
447 1601 685 1665 contaminasse
735 1599 797 1664 Sed
829 1618 870 1664 ne
896 1601 955 1664 hec
983 1599 1110 1683 quidem
1139 1617 1174 1662 re
1202 1598 1385 1679 effecerunt,
1416 1604 1455 1662 ut

278 1689 403 1754 Terenti
424 1688 550 1754 fabulae
573 1689 784 1773 displicerent.
823 1688 894 1752 Hoc
916 1689 1014 1772 igitur
1036 1689 1157 1752 crimen
1179 1687 1299 1751 nullam
1324 1688 1453 1751 omnino

279 1779 344 1842 vim
367 1777 484 1842 habere
505 1779 545 1842 ad
563 1777 742 1842 Terentium
763 1777 1003 1842 detrectandum
1021 1796 1095 1841 cum
1114 1777 1354 1858 intellexissent,
1375 1777 1454 1841 alias

279 1867 530 1931 insimulationes
553 1868 821 1951 excogitaverunt.
866 1866 983 1930 Tamen
1006 1865 1144 1948 Andria,
1172 1869 1231 1930 etsi
1253 1885 1324 1930 eam
1347 1871 1454 1930 conta-

282 1957 434 2020 minatam
457 1974 526 2019 esse
549 1960 641 2020 antea
664 1956 807 2038 sciverat,
830 1974 903 2020 cum
926 1955 1043 2040 populo
1066 1954 1236 2039 placuisset
1258 1973 1361 2038 neque
1384 1975 1455 2020 snc-

280 2063 388 2109 eessus
410 2043 535 2116 fabulae
558 2045 660 2108 minui
684 2047 813 2108 omnino
835 2050 949 2128 posset,
979 2045 1083 2128 iniqui
1106 2044 1137 2108 id
1161 2049 1389 2128 spectaverunt,
1419 2051 1456 2108 11

280 2134 365 2197 huuc
394 2135 791 2213 successum'amiccrum,
820 2153 883 2197 non
907 2133 1032 2197 Terenti
1059 2151 1127 2198 esse
1155 2134 1302 2198 dicarent
1348 2131 1455 2198 Huius

280 2224 327 2298 rai
359 2222 580 2287 diiudicandae
612 2242 708 2288 causa
735 2223 887 2307 populum
918 2224 1023 2307 ipsum
1049 2221 1215 2288 Terentius
1243 2222 1379 2288 iudic'em
1407 2223 1454 2304 (in

279 2311 395 2378 Heaut.
412 2312 502 2396 prol.)
519 2312 693 2376 advocavit
725 2310 831 2376 Etiam
846 2311 1223 2376 Heautontimcmmenos
1238 2311 1346 2376 fabula
1360 2315 1455 2376 stetit.

279 2399 392 2485 Neque
419 2420 495 2466 vero
523 2401 694 2466 adversarii
716 2399 862 2466 Terentio
889 2401 1020 2466 insidias
1042 2419 1153 2484 parare
1176 2402 1344 2466 desiemnt.
1391 2399 1455 2478 Qui

280 2510 352 2556 cum
376 2491 408 2554 id
433 2491 550 2574 quibus
572 2491 674 2556 modis
692 2497 965 2576 persequerentur,
989 2491 1063 2554 dum
1084 2492 1113 2554 ei
1132 2490 1350 2572 obtrectarent,
1374 2491 1454 2554 nihil

280 2581 369 2664 pensi
388 2580 547 2660 haberent,
565 2578 699 2646 Luscius
715 2581 852 2663 perfecit,
871 2591 906 2645 ut
922 2585 1091 2663 autequam
1108 2579 1283 2646 Eunuchus
1298 2585 1452 2663 ageretur,

280 2669 340 2732 sibi
360 2670 450 2752 copia
472 2670 665 2753 inspiciundi
684 2669 860 2749 daretur.⁹⁸)
896 2667 985 2745 Quae
1003 2668 1109 2733 fabula
1128 2689 1201 2734 cum
1221 2668 1455 2752 magistmtibns

279 2757 498 2840 praesentibus
531 2759 582 2840 agi
613 2763 724 2841 coepta
755 2763 848 2839 esset,
886 2756 1021 2822 Luscius
1053 2758 1242 2822 exclamavit
1273 2757 1455 2822 Terentium

279 2846 391 2927 furem,
415 2865 478 2910 non
498 2852 622 2930 poetam
640 2865 717 2911 esse.
752 2845 840 2912 Haec
858 2852 949 2930 poeta
967 2849 999 2910 in
1020 2845 1168 2911 Eunuchi
1188 2847 1316 2931 prologo
1334 2853 1455 2932 specta-

280 2934 401 2999 toribus
429 2936 569 3000 narravit
596 2941 627 2999 et
655 2956 674 3000 a
701 2936 777 3000 furti
805 2937 936 3002 crimine
964 2955 998 3001 se
1026 2937 1177 3018 defendit,
1208 2937 1260 3002 vel
1287 2938 1391 3020 potius
1420 2955 1455 3000 se

280 3024 449 3088 defendere
477 3025 606 3090 studuit.
652 3024 780 3090 Etenim
808 3045 870 3089 non
896 3031 961 3089 tam
982 3031 1138 3110 purgatur
1161 3045 1258 3109 quam
1280 3025 1455 3090 cavillatur.

279 3114 349 3178 Hac
372 3115 470 3197 igitur
492 3116 525 3178 in
549 3134 584 3179 re
606 3113 741 3179 Luscius
764 3133 876 3179 verum
900 3115 1017 3179 vidisse
1039 3116 1174 3179 ridetur.
1219 3114 1337 3179 Tamen
1360 3116 1456 3178 etiam

279 3202 457 3268 Eunuchus
489 3205 622 3288 placuit,
655 3205 748 3268 etiam
781 3205 884 3288 magis
912 3224 1007 3288 quam
1037 3223 1146 3268 omnes
1174 3211 1295 3268 ceterae
1321 3203 1456 3268 fabulae.

189 3295 192 3301 '
280 3291 393 3376 Neque
411 3293 484 3376 plus
503 3293 708 3377 proficiebant
726 3295 828 3376 iniqui
848 3294 987 3358 dicentes
1001 3293 1125 3357 Terenti
1144 3293 1266 3357 fabulas
1282 3312 1350 3358 esse
1366 3295 1456 3358 tenui

280 3381 420 3444 oratione
444 3401 480 3446 ec
504 3383 659 3465 scriptura
681 3381 754 3445 levi.
796 3381 893 3445 Nullo
915 3384 1013 3466 igitur
1035 3385 1166 3446 crimine
1189 3384 1358 3466 quicquam
1383 3401 1455 3466 pro·

370 3555 393 3587 91
823 3575 829 3587 .

392 3561 402 3627 )
421 3557 462 3610 Ex
481 3556 633 3711 Elppnappplli
643 3556 966 3712 VEvaluighiilrllr'postquam
986 3629 1086 3684 aediles
1104 3631 1236 3698 ememnt,

492 3699 613 3754 Perfecit
630 3699 681 3754 sibi
698 3703 730 3755 11
747 3701 908 3770 inspiciundr
927 3704 999 3755 esset
1017 3701 1099 3770 copia.

493 3770 662 3841 Magistratus
681 3788 760 3843 quom
778 3771 815 3826 ibi
834 3773 948 3839 adesset,
967 3775 1102 3842 occepta-st
1120 3771 1188 3842 agi.“

280 3841 394 3896 dilucide
413 3857 542 3912 apparere
560 3843 626 3896 mihi
644 3843 752 3898 videtur
763 3843 890 3898 Luscium
902 3843 954 3897 iam
967 3845 1029 3897 ante
1048 3859 1108 3898 eam
1127 3843 1266 3910 actionem,
1286 3861 1353 3913 quae
1372 3844 1457 3913 magi-

198 3955 201 3961 .
281 3912 408 3968 stratibus
426 3914 611 3985 praesentibus
623 3915 763 3984 facta·'est,
782 3914 891 3969 Terenti
909 3913 1026 3968 tabulam
1039 3915 1234 3986 „inspexisse“,
1254 3916 1323 3985 quod
1342 3915 1457 3970 verbum

250 3999 252 4002 ·
279 3985 313 4038 de
331 3983 398 4039 libro
416 3984 529 4055 legendo
542 3988 712 4056 ursurpatur3
730 4003 783 4058 qua
800 4002 829 4040 re
843 3985 992 4055 exphcatur
1005 4002 1066 4040 eum
1079 3987 1220 4041 confestim
1235 4004 1296 4040 cum
1308 3985 1457 4041 Eunuchus

280 4071 360 4124 „occe
379 4058 407 4111 ha
425 4060 497 4111 esset
515 4057 582 4127 agi‘,
610 4057 801 4112 exclamavisse
819 4057 974 4111 Terentium
992 4058 1100 4126 parasiti
1119 4061 1147 4111 11
1164 4057 1255 4110 militis
1274 4073 1401 4126 personas
1420 4073 1457 4111 ex

279 4073 416 4182 1111111111
443 4127 540 4182 fabulis
567 4128 654 4183 Naevi
681 4131 710 4184 et
736 4128 823 4183 Plauti
852 4127 1000 4184 abstulisse.
1030 4160 1062 4168 --
1093 4130 1127 4183 cf.
1147 4127 1235 4183 Plauti
1254 4129 1337 4184 Stich.
1357 4145 1381 4182 v.
1402 4129 1458 4184 454

280 4198 390 4266 „Libros
408 4199 539 4268 inspexi‘t.
569 4229 602 4239 -
630 4200 730 4254 Eodem
753 4200 830 4254 modo
853 4199 972 4255 iudicare
997 4200 1103 4255 videtur
1125 4200 1157 4254 E.
1175 4200 1267 4255 ilauer
1284 4199 1301 4254 l.
1321 4215 1342 4254 s.
1362 4215 1383 4254 s.
1409 4201 1457 4267 (cf.

279 4285 360 4339 supra
377 4286 401 4339 p.
421 4269 456 4325 20
476 4271 534 4324 adn.
555 4270 609 4339 38).
