3280 5048
722 353 940 418 „10-

249 531 357 615 logum
387 551 515 618 quoque
537 532 674 598 scribere
697 552 776 617 opus
800 551 877 614 esse,
905 553 966 596 non
991 538 1027 598 ut
1050 539 1269 617 argumentum
1293 535 1419 603 fabulae

247 627 362 699 narret,
386 622 440 686 sed
465 628 500 688 ut
522 623 775 688 adversariorum
798 624 1032 688 criminationes
1055 624 1177 689 refutet.

335 710 500 777 Terentius
523 714 621 796 igitur
643 711 726 776 solas
748 710 871 775 fabulas
894 711 1032 796 prologis
1055 733 1119 777 non
1143 715 1323 798 praemissis
1342 718 1417 780 sori·

247 798 321 864 bere
344 799 404 864 sibi
427 807 638 885 proposuerat.
673 800 704 864 N
706 820 769 865 une
791 807 896 864 tamen
920 803 1042 886 cogitur
1065 805 1158 866 etiam
1177 803 1324 888 prologos
1343 806 1418 870 scri-

246 888 335 968 bere,
364 891 480 974 quibus
505 892 618 956 veteris
641 897 750 974 poetae
773 891 947 954 maledictis
970 892 1163 974 respondeat.
1210 893 1288 956 lnde
1311 901 1415 958 autem

247 979 331 1063 quod
359 986 450 1063 poeta
474 981 646 1064 perspicuis
669 979 773 1044 verbis
797 979 872 1042 meir
894 999 928 1043 se
951 979 1132 1063 intellegere
1155 982 1247 1044 etiam
1271 982 1417 1066 prologos

245 1068 306 1132 sibi
329 1068 510 1132 scribendos
529 1087 606 1150 esse,
629 1068 772 1149 efficitur,
795 1075 831 1130 ut
847 1075 940 1152 poeta
958 1069 1082 1133 nullum
1102 1071 1231 1133 omnino
1250 1071 1414 1153 prologum

246 1157 409 1240 usquead
432 1157 511 1221 illud
535 1164 659 1241 tempus
682 1159 902 1241 composuerit,
926 1160 1082 1240 utigitur
1104 1159 1245 1222 Andriae
1267 1159 1416 1244 prologus

244 1247 365 1329 primus
393 1248 522 1314 omnino
550 1248 693 1310 omnium
720 1245 922 1330 prologorum
945 1246 1206 1312 Terentianorum
1229 1251 1283 1329 sit;
1312 1268 1417 1334 neque

245 1336 327 1398 enim
356 1334 425 1399 fieri
452 1341 566 1420 potest,
595 1341 630 1400 ut
652 1342 743 1420 poeta
765 1341 932 1419 postquam
955 1337 1131 1420 complures
1154 1341 1247 1400 antea
1268 1340 1414 1423 prologos

244 1427 427 1509 composuit,
443 1445 479 1490 ea
493 1425 588 1491 verba
600 1427 683 1490 dicat
695 1444 777 1508 quae
789 1425 870 1490 dixit
882 1426 914 1489 in
928 1426 1068 1500 Andriae
1079 1426 1201 1510 prologi
1213 1446 1264 1491 vv.
1279 1429 1415 1508 1-7.¹⁷)
1438 1489 1440 1494 .

334 1513 459 1580 Dixerit
482 1516 554 1598 quis
578 1534 619 1578 ox
641 1534 737 1579 versu
758 1515 776 1576 6
796 1515 828 1578 id
848 1515 950 1579 solum
970 1534 1118 1599 apparere
1136 1514 1319 1579 Terentium
1339 1517 1416 1582 tales

244 1603 389 1688 prologos
412 1624 514 1689 usque
538 1605 576 1668 ad
596 1605 674 1668 iilud
693 1610 817 1688 tempus
837 1623 900 1668 uon
919 1605 1140 1688 composuisse,
1164 1604 1280 1688 quibus
1299 1608 1415 1670 veteris

242 1700 352 1776 poetae
375 1694 549 1758 maledictis
572 1693 783 1778 responderet,
806 1712 879 1757 eum
903 1712 978 1758 vero
1001 1698 1094 1757 autea
1116 1695 1270 1778 prologos,
1299 1695 1415 1779 quibus

243 1791 463 1864 argumentum
481 1791 649 1860 enarraret,
665 1782 800 1845 scribere
815 1784 968 1865 potuisse;
988 1801 1027 1845 ne
1043 1783 1101 1846 hac
1117 1783 1247 1867 quidem
1259 1787 1415 1849 sententia

244 1873 414 1955 quicquam
443 1877 592 1935 mutatur.
640 1870 719 1948 (lum
748 1871 833 1933 enim
861 1890 970 1936 omnes
998 1891 1078 1954 quos
1101 1871 1267 1954 habemus,
1293 1873 1415 1957 prologi

242 1960 421 2024 Terentiani
444 1962 623 2044 argumenti
646 1961 856 2023 narrationem
881 1980 945 2023 non
969 1962 1159 2042 contineant,
1182 1962 1236 2026 sed
1256 1968 1365 2045 poetae
1383 1970 1415 2026 et

243 2051 462 2114 excusationes
485 2056 516 2114 et
534 2050 778 2130 criminationes
800 2051 954 2133 sequitur,
977 2055 1012 2113 ut
1031 2051 1081 2114 bic
1098 2050 1239 2114 Andriae
1257 2051 1414 2135 prologus,

243 2140 334 2202 cuius
356 2140 390 2202 in
414 2137 506 2202 initio
530 2159 563 2202 se
587 2145 808 2222 argumentum
833 2158 897 2202 non
921 2147 1133 2219 narraturum,
1157 2140 1212 2203 sed
1231 2141 1414 2224 iniquorum

242 2229 376 2292 crimina
399 2230 677 2293 reiecturum-esse
695 2227 789 2312 plane
809 2228 894 2309 dicit,
916 2234 989 2292 ante
1007 2247 1117 2292 omnes
1135 2247 1197 2309 eos,
1222 2249 1301 2314 quoa
1319 2230 1414 2294 habe·

242 2337 327 2400 mus,
355 2317 501 2402 prologos
528 2319 664 2402 scriptus
691 2320 739 2382 sit.
786 2316 884 2382 Porro
912 2337 984 2382 cum
1012 2319 1046 2381 in
1070 2318 1213 2382 omnium
1235 2317 1413 2383 fabularum

242 2409 345 2492 prima
361 2427 482 2492 scaena,
499 2428 580 2492 quae
595 2408 634 2471 ad
650 2407 790 2472 tabulam
805 2408 1036 2492 percipiendam
1053 2427 1132 2492 opus
1148 2408 1211 2472 sint
1227 2409 1267 2488 th.
1279 2427 1304 2472 e.
1321 2428 1413 2492 argu·

240 2497 397 2579 mentum)
420 2499 629 2576 narrentur¹⁸i
652 2499 738 2561 unde
756 2499 910 2562 eiusmodi
928 2497 1092 2582 prologum
1113 2497 1168 2560 bas
1186 2495 1309 2563 fabulas
1327 2504 1413 2562 ante-

241 2587 351 2652 cedere
385 2606 489 2670 neque
517 2586 662 2651 debuisse
689 2605 793 2671 neque
820 2587 960 2670 potuisse
986 2593 1113 2669 apparet
1140 2605 1277 2670 cumque
1304 2607 1413 2652 omnes

241 2675 366 2740 Terenti
400 2675 524 2740 fabulas
555 2681 694 2740 servatas
722 2693 790 2739 esse
817 2677 967 2756 sciamus,
999 2676 1156 2757 sequitur,
1187 2679 1224 2738 ut
1249 2674 1413 2740 Terentius

244 2765 399 2830 eiusmodi
428 2767 575 2848 prologos
606 2765 734 2828 omnino
762 2783 825 2828 non
854 2765 1025 2847 scripserit:
1059 2762 1129 2826 Hac
1157 2782 1284 2847 quoque
1310 2783 1352 2828 ex
1379 2784 1413 2828 re

239 2855 442 2925 manifestum
479 2862 526 2918 est
557 2854 697 2918 Andriae
732 2852 898 2937 prologum
931 2854 1070 2936 primum
1106 2855 1235 2917 omnino
1270 2855 1412 2919 omnium

239 2943 365 3008 Terenti
387 2942 588 3028 prologorum
611 2943 717 3006 fuisse.

329 3037 357 3098 2.
387 3033 438 3096 Ex
468 3034 879 3097 Heautontimorumeni
909 3032 1037 3117 prologo
1066 3023 1145 3097 duas
1173 3052 1223 3098 res
1246 3034 1410 3098 discimus:
1460 3058 1462 3062 ·

241 3122 345 3188 Unam
370 3125 464 3186 hanc:
489 3142 531 3186 ex
553 3121 696 3186 versibus
720 3125 761 3184 22
786 3142 846 3206 sq.:

399 3212 496 3294 „Tum
520 3212 605 3297 quod
630 3211 797 3276 malivolus
820 3217 912 3277 vetus
934 3216 1027 3296 poeta
1050 3211 1180 3294 dictitat,

398 3301 565 3387 Repente
587 3302 627 3365 ad
650 3302 789 3365 studium
814 3302 899 3364 hunc
922 3319 955 3364 se
978 3301 1152 3384 adplicasse
1175 3301 1360 3381 musicum“,

238 3398 366 3477 apparet
392 3391 573 3456 Terentium
601 3410 666 3453 non
689 3391 789 3454 multo
812 3395 885 3454 ante
909 3391 941 3452 in
965 3401 1109 3454 scaenam
1134 3390 1284 3473 prodisse,
1307 3386 1411 3474 prolo-

237 3501 313 3564 gum
337 3483 434 3565 igitur
457 3483 490 3544 in
514 3485 623 3565 poetae
646 3481 755 3564 primis
778 3480 915 3564 prologis
938 3497 1014 3544 esse.

237 3696 400 3749 Karstenum
419 3693 445 3763 (l.
457 3711 477 3748 s.
488 3711 509 3748 s,
520 3711 545 3762 p.
556 3693 620 3757 219)
639 3693 788 3760 sequimur;
808 3695 842 3747 cf.
854 3693 950 3747 Donati
970 3708 1074 3761 quoque
1087 3692 1170 3746 verba
1182 3693 1214 3746 ed
1226 3693 1297 3747 hunc
1310 3693 1409 3746 locum:

238 3783 350 3834 „verum
370 3765 448 3820 aliter
466 3765 575 3819 evenire
595 3763 678 3818 multo
693 3763 833 3833 intellegit)
853 3765 926 3818 Adeo
944 3781 994 3818 neo
1007 3767 1213 3832 praeparaverat
1225 3781 1275 3818 neo
1288 3765 1410 3818 intende·

237 3839 279 3892 rat
297 3853 457 3906 quemquam
475 3836 591 3900 laedere,
610 3837 641 3888 ut
659 3851 705 3902 spe
725 3835 809 3889 falsus
828 3835 1019 3904 lacessitusque
1038 3836 1088 3889 hoc
1107 3835 1214 3890 iaciat.“

328 3927 359 3995 ¹⁷)
379 3927 468 3981 Paene
492 3926 563 3980 idem
583 3928 709 3981 Dziatzlro
733 3926 771 3990 (in
795 3925 857 3979 diss.
876 3927 964 3994 inaug.
985 3943 1009 3993 p.
1029 3925 1045 3978 2
1064 3942 1090 3978 n.
1112 3926 1137 3994 1)
1160 3925 1194 3979 de
1213 3925 1292 3979 huius
1311 3924 1410 3994 prologi

236 4014 318 4052 versu
335 3999 353 4053 8
372 4015 461 4065 „nunc
480 4015 559 4066 quam
578 4015 636 4052 rem
654 3999 718 4052 vitio
731 3998 804 4064 dent,
824 4013 921 4065 quaeso
934 3997 1052 4050 animum
1065 3997 1211 4050 attendite“
1225 3997 1300 4050 dicit:
1321 3997 1410 4062 „huno

236 4086 345 4124 versum
373 4070 410 4124 ita
436 4069 552 4138 proferri
579 4070 655 4138 quasi
682 4071 761 4138 poeta
788 4073 862 4123 certe
889 4069 1008 4122 nondum
1035 4085 1143 4136 operam
1169 4067 1266 4122 abusus
1289 4067 1336 4133 sit,
1364 4065 1408 4134 qui

236 4141 337 4195 veteris
352 4143 445 4209 poetae
461 4140 608 4196 maledictis
618 4141 823 4209 responderet“;
839 4156 874 4194 ex
884 4140 1151 4195 versu8tamenhoc
1161 4139 1322 4206 effloiposse
1332 4154 1409 4208 nego.

327 4231 359 4298 ¹⁸)
378 4231 413 4285 of.
427 4231 509 4284 Andr.
523 4247 566 4284 vv.
580 4230 615 4284 48
634 4245 690 4298 sqq.
711 4261 743 4268 -
764 4229 859 4284 Heaut.
874 4247 917 4283 vv.
931 4230 965 4284 92
984 4245 1040 4298 sqq.
1056 4227 1290 4282 -.llun.vv.107
1305 4242 1361 4296 sqq.
1376 4259 1407 4268 -

236 4302 342 4358 Phorm.
364 4319 406 4356 vv.
425 4303 461 4358 80
479 4318 536 4372 sqq.
557 4332 590 4342 —
610 4301 675 4356 Heu.
695 4317 739 4356 vv.
761 4303 811 4355 114
830 4317 887 4373 sqq.
908 4331 939 4341 -
959 4300 1071 4371 Adelph.
1090 4301 1112 4369 I,
1134 4303 1157 4368 l,
1176 4315 1220 4354 vr.
1241 4302 1254 4352 1
1275 4315 1331 4371 sqq.
