3280 5048
748 361 789 372 ..
836 321 967 416 ⁶3³·

270 502 431 590 Luscique
454 506 558 570 rixam
584 505 758 588 pertinent,
786 504 1005 588 comperimus,
1051 501 1176 566 Scimus
1205 502 1290 565 enim
1314 501 1443 584 etquid

270 594 436 660 Terentius
454 595 641 660 adversariis
659 595 692 657 in
711 593 849 677 prologis
868 593 1025 674 obiecerit,
1003 598 1086 656 ιιι.
1093 610 1174 674 quae
1190 591 1444 655 adversariorum

271 685 404 748 crimina
427 683 632 749 Terentius
615 702 656 768 ‚an
689 681 827 766 prologis
857 681 1048 746 refutaverit.
1100 680 1307 744 Adversarios
1338 684 1443 743 autem

271 792 334 837 non
358 774 488 838 solum
480 793 514 836 ιιι
531 772 677 858 prologis,
695 771 751 836 sed
775 772 896 834 etiam'
887 791 919 835 ιιι
940 769 1138 834 sermonibus
1156 769 1322 834 cotidianis
1340 769 1443 833 aliove

270 863 364 926 modo
386 862 567 928 Terentium
596 862 724 926 laesisse
751 880 825 925 cum
847 861 1035 942 viderimus,
1061 859 1154 944 plane
1176 857 1245 922 fieri
1268 861 1443 943 potestut

270 951 435 1016 Terentius
467 970 594 1036 quoque
625 952 677 1015 hic
708 949 774 1014 illic
805 950 867 1014 alio
899 948 962 1013 telo
993 955 1116 1033 praeter
1138 945 1285 1032 prologos
1308 947 1348 1010 ad
1370 947 1442 1010 illos

271 1041 439 1105 laedendos
462 1046 517 1105 aut
540 1041 580 1104 ad
603 1059 636 1104 se
660 1039 893 1106 defendendum
914 1057 994 1103 usus
1017 1039 1066 1103 sit.

512 1274 634 1371 Caput
661 1274 704 1346 ll:
733 1273 790 1353 De
818 1270 974 1352 tabulis
1003 1269 1204 1352 emendis.

360 1413 430 1479 Hoc
448 1416 549 1499 capite
568 1412 662 1478 nobis
681 1416 896 1499 quaerendum
916 1421 972 1498 est,
996 1434 1077 1519 quae
1095 1417 1175 1478 ratio
1194 1415 1278 1479 inter
1294 1414 1445 1480 ludorum

271 1508 432 1568 curatores
455 1509 487 1568 et
509 1503 654 1568 dominos
681 1507 785 1588 gregis
814 1512 846 1569 et
867 1506 1006 1589 poetas
998 1523 1030 1567 1n
1055 1503 1225 1568 fabuliset
1248 1504 1389 1568 emendis
1413 1505 1445 1565 et

271 1593 464 1678 usurpandis
491 1598 593 1657 aetate
614 1593 737 1658 Terent
715 1599 802 1657 trane
834 1594 918 1678 apud
941 1592 1102 1657 Romanos
1129 1593 1349 1658 intercesserit
1396 1590 1446 1654 Ne

271 1683 353 1746 hanc
363 1684 504 1787 quidem
528 1702 595 1747 rem
619 1683 767 1766 equidem
790 1684 911 1786 primus
941 1687 1132 1747 tractaturus
1155 1702 1240 1764 sum,
1269 1684 1324 1748 sed
1351 1688 1445 1748 antea

271 1771 370 1835 alii
340 1774 401 1835 vrri
417 1773 499 1835 docti
514 1791 583 1835 eam
596 1773 664 1836 sire
679 1774 850 1854 tetigerunt
868 1773 936 1836 sive
950 1777 1228 1856 pertractaverunt.
1261 1775 1292 1836 A
1307 1791 1444 1857 quorum

271 1862 428 1925 sententia
450 1881 523 1923 cum
548 1860 725 1940 dissideam,
750 1861 827 1944 quid
850 1863 993 1945 sentiam,
1015 1861 1153 1926 breviter
1175 1861 1381 1945 proferam.¹⁸)

359 1948 436 2013 Tota
459 1967 509 2012 res
533 1954 640 2013 autem
659 1961 802 2013 versatur
820 1953 853 2013 in
873 1950 997 2014 duabus
1020 1948 1273 2034 quaestionibus:
1298 1950 1440 2014 Primum

272 2039 453 2121 quaeritur,
485 2039 632 2122 quisnam
664 2037 788 2102 tabulas
820 2046 957 2123 aposta
980 2041 1105 2119 emerit3
1140 2040 1294 2104 deinde'
1286 2060 1317 2103 ιιι
1352 2040 1440 2104 cuius

271 2128 411 2191 dominio
434 2126 560 2192 fabulae
578 2132 666 2214 actae
682 2129 865 2192 manserint.
903 2127 1043 2213 Utraque
1062 2129 1102 2194 de
1120 2130 1304 2213 quaestione
1322 2130 1443 2213 primus

272 2217 335 2299 egit
322 2214 412 2280 tm
435 2205 639 2281 Ritschelins
653 2216 789 2301 (Parerg.
813 2217 830 2280 I
861 2238 890 2302 p.
914 2217 978 2280 327
1007 2218 1094 2302 sqq..)
1146 2216 1209 2294 Qui
1235 2217 1444 2302 proficiscitur

272 2324 313 2368 ex
335 2304 418 2370 Eun.
441 2307 518 2391 prol.
541 2326 571 2371 v.
592 2306 634 2370 19
657 2326 717 2390 sq:
746 2304 868 2389 „Quam
891 2326 977 2370 nunc
1000 2308 1100 2370 acturi
1123 2326 1235 2371 sumus

431 2393 598 2459 Menandri
609 2394 812 2479 Eunuchum,
826 2400 1025 2481 postquam
1041 2396 1182 2462 aediles
1199 2396 1444 2480 emerunt‘sq.

361 2483 412 2547 Ex
435 2504 498 2569 quo
521 2485 590 2549 loco
613 2486 689 2549 satis
712 2504 860 2570 apparere
883 2485 999 2550 aediles
1022 2487 1126 2549 velia
1145 2487 1331 2550 universum
1348 2485 1443 2549 ludo·

271 2593 342 2637 rum
362 2581 531 2656 curatores,
550 2580 587 2637 ut
604 2593 660 2660 per
679 2593 713 2638 se
732 2574 902 2639 verisimile
920 2575 961 2638 sit
962 2623 969 2656 ‚
948 2573 1119 2658 tfabulas,
1139 2593 1219 2660 quae
1237 2573 1443 2639 histrionibus

271 2662 409 2744 agendas
432 2669 587 2745 curarent,
610 2683 629 2726 a
647 2665 747 2747 poetrs
766 2665 888 2727 emisse.
920 2663 1006 2728 Huic
1025 2665 1165 2747 opinioni
1183 2684 1297 2748 parum
1314 2683 1442 2748 respon·

272 2751 345 2813 dere
368 2749 444 2815 Hac.
467 2751 545 2834 prol.
564 2749 597 2814 Il
620 2771 649 2816 v.
668 2752 710 2814 47
735 2771 817 2836 sqq:

430 2836 520 2921 ,Mea
542 2859 638 2904 causa
660 2859 789 2905 causam
811 2842 942 2925 accipite
965 2846 996 2905 et
1018 2842 1090 2907 date
1112 2843 1283 2918 silentium

430 2888 477 2992 ’Ut
498 2926 607 2994 lubeat
628 2930 765 2994 scribere
787 2929 857 2994 aliis
880 2931 1082 3084 mihiqueut
1045 2931 1225 2996 utdiscere

430 3016 558 3082 Nora-s
581 3019 727 3103 expediat
748 3020 878 3103 poshac
900 3022 1023 3104 pretio
1046 3027 1145 3106 empt
1149 3041 1188 3086 as
1210 3021 1321 3085 meo“.

359 3106 421 3171 Sed
449 3108 554 3172 locum
582 3109 734 3192 explicari
757 3107 874 3173 Donati
901 3109 1019 3189 verbis,
1049 3111 1106 3194 qui
1128 3111 1168 3175 ad
1190 3111 1276 3174 bunc
1298 3108 1443 3190 Hecyrae

270 3197 376 3259 locum
393 3196 473 3260 haec
491 3198 631 3262 adnotet:
655 3196 904 3280 „Aestimatione
922 3218 940 3261 a
958 3199 1061 3281 meti.
1081 3218 1106 3263 e.
1126 3219 1153 3280 ,a
1173 3200 1299 3263 domino
1317 3198 1443 3281 gregis‘)

269 3285 364 3366 facta,
397 3291 550 3368 quantum
584 3287 699 3352 aediles
727 3287 852 3351 darent:
881 3293 912 3352 et
938 3289 1070 3371 proinde
1096 3307 1148 3352 me
1175 3289 1383 3372 periclitante,
1415 3287 1443 3349 si

270 3373 391 3438 abiecta
408 3373 515 3438 tabule
535 3397 554 3439 a
570 3395 622 3440 me
639 3379 788 3460 pretium,
806 3378 891 3460 quod
905 3382 1015 3461 poetae
1029 3377 1274 3458 numeraverint,
1292 3380 1435 3460 repetant

270 3461 354 3545 Ergo
378 3464 465 3545 ,meo‘
486 3464 682 3546 umefacto,
705 3485 792 3528 amc
812 3467 956 3530 statuto“.
991 3465 1040 3529 lta
1058 3468 1156 3551 igitur
1173 3485 1240 3530 rem
1259 3484 1293 3529 se
1312 3465 1440 3528 babere:

270 3552 397 3617 Aediles
415 3551 537 3617 fabulas
558 3573 577 3616 a
591 3555 690 3637 poetis
707 3553 827 3618 oblatas
840 3556 967 3619 domino
980 3556 1105 3620 cuidam
1117 3557 1221 3640 gregis
1234 3555 1443 3618 aestimandas

269 3641 400 3705 tradere.
436 3640 499 3718 Qui
522 3643 608 3726 quod
630 3645 767 3726 pretium
792 3650 941 3726 statuant,
964 3645 997 3708 id
1020 3645 1137 3709 aediles
1161 3650 1270 3728 poetae
1293 3644 1377 3724 dare,
1400 3645 1443 3704 ita

269 3735 306 3794 ut
328 3735 428 3814 poeta,
451 3737 621 3816 antequam
643 3731 753 3796 fabula
771 3740 892 3816 agatur,
914 3735 1051 3818 pretium
1070 3734 1110 3797 ab
1129 3733 1284 3797 aedilibus
1302 3732 1443 3796 solutum

268 3821 430 3903 acceperit.
459 3818 632 3885 Dominum
648 3829 755 3885 autem
765 3825 880 3906 gregis,
896 3825 924 3885 si
938 3822 1046 3886 fabula
1062 3823 1101 3886 ab
1113 3842 1150 3886 eo
1161 3823 1324 3886 aestimata
1333 3826 1444 3885 exacta

269 3909 319 3988 sit,
340 3908 421 3971 illud
443 3911 580 3992 pretium
601 3919 712 3994 poetae
731 3909 872 3975 solutum
891 3910 1046 3975 aedilibus
1064 3912 1193 3976 reddere
1216 3910 1337 3975 debere.
1374 3908 1444 3985 Qua

359 4117 390 4187 ¹⁹)
410 4117 546 4174 Nonnulla
555 4123 629 4174 recte
638 4120 833 4176 intellexerunt
843 4119 977 4176 Ribbeck:
988 4121 1039 4176 Die
1048 4122 1124 4176 Rom.
1135 4121 1271 4192 Tragbdie,
1283 4138 1307 4189 p.
1314 4120 1442 4188 dfibsqq.;

269 4190 447 4246 Oehmichen:
467 4189 742 4246 Biihnenaltertiimer
759 4193 808 4246 der
824 4191 957 4247 Griechen
976 4194 1031 4247 und
1049 4194 1149 4247 Rdmer
1166 4194 1198 4256 (Ι.
1213 4192 1325 4246 Miillers
1337 4189 1442 4246 Handb.

268 4262 302 4329 V,
321 4263 348 4330 3)
367 4263 382 4330 ξ
400 4262 448 4329 36;
468 4262 587 4316 Διιιιιοιιι
605 4261 622 4316 l.
642 4279 662 4316 s.
683 4278 704 4317 s.
724 4279 748 4332 p.
768 4262 804 4316 24
822 4278 861 4332 sq.
