<?xml version="1.0" encoding="UTF-8"?>
<!DOCTYPE html PUBLIC "-//W3C//DTD XHTML 1.0 Transitional//EN"
    "http://www.w3.org/TR/xhtml1/DTD/xhtml1-transitional.dtd">
<html xmlns="http://www.w3.org/1999/xhtml" xml:lang="en" lang="en">
 <head>
  <title>
</title>
<meta http-equiv="Content-Type" content="text/html;charset=utf-8" />
  <meta name='ocr-system' content='tesseract 3.04.00' />
  <meta name='ocr-capabilities' content='ocr_page ocr_carea ocr_par ocr_line ocrx_word'/>
</head>
<body>
  <div class='ocr_page' id='page_1' title='image "./quaestionestere00meyegoog_0035.png"; bbox 0 0 3280 5048; ppageno 0'>
   <div class='ocr_carea' id='block_1_1' title="bbox 718 234 935 345">
    <p class='ocr_par' dir='ltr' id='par_1_1' title="bbox 718 234 935 345">
     <span class='ocr_line' id='line_1_1' title="bbox 718 234 935 345; baseline 0 -16"><span class='ocrx_word' id='word_1_1' title='bbox 718 234 935 345; x_wconf 47' lang='lat' dir='ltr'><strong>„28ss</strong></span> 
     </span>
    </p>
   </div>
   <div class='ocr_carea' id='block_1_2' title="bbox 241 456 1418 3849">
    <p class='ocr_par' dir='ltr' id='par_1_2' title="bbox 242 456 1413 720">
     <span class='ocr_line' id='line_1_2' title="bbox 242 456 1413 542; baseline 0.003 -22"><span class='ocrx_word' id='word_1_2' title='bbox 242 459 298 542; x_wconf 84' lang='lat' dir='ltr'><strong>gis</strong></span> <span class='ocrx_word' id='word_1_3' title='bbox 344 457 404 522; x_wconf 90' lang='lat' dir='ltr'><strong>His</strong></span> <span class='ocrx_word' id='word_1_4' title='bbox 432 476 473 522; x_wconf 85' lang='lat' dir='ltr'><strong>ex</strong></span> <span class='ocrx_word' id='word_1_5' title='bbox 500 457 578 522; x_wconf 90' lang='lat' dir='ltr'><strong>locis</strong></span> <span class='ocrx_word' id='word_1_6' title='bbox 606 457 682 541; x_wconf 91' lang='lat' dir='ltr'><strong>quid</strong></span> <span class='ocrx_word' id='word_1_7' title='bbox 711 457 841 521; x_wconf 91' lang='lat' dir='ltr'><strong>omnino</strong></span> <span class='ocrx_word' id='word_1_8' title='bbox 868 457 907 521; x_wconf 91' lang='lat' dir='ltr'><strong>de</strong></span> <span class='ocrx_word' id='word_1_9' title='bbox 934 457 1073 542; x_wconf 90' lang='lat' dir='ltr'><strong>prologis</strong></span> <span class='ocrx_word' id='word_1_10' title='bbox 1100 461 1132 521; x_wconf 91' lang='grc' dir='ltr'><strong>θῖ</strong></span> <span class='ocrx_word' id='word_1_11' title='bbox 1153 456 1277 524; x_wconf 85' lang='lat' dir='ltr'><strong>Terenti</strong></span> <span class='ocrx_word' id='word_1_12' title='bbox 1305 465 1336 524; x_wconf 91' lang='lat' dir='ltr'><strong>et</strong></span> <span class='ocrx_word' id='word_1_13' title='bbox 1359 460 1413 523; x_wconf 89' lang='lat' dir='ltr'><strong>ad·</strong></span> 
     </span>
     <span class='ocr_line' id='line_1_3' title="bbox 242 546 1413 631; baseline 0.003 -22"><span class='ocrx_word' id='word_1_14' title='bbox 242 549 454 611; x_wconf 83' lang='lat' dir='ltr'><strong>versariorum</strong></span> <span class='ocrx_word' id='word_1_15' title='bbox 493 552 653 631; x_wconf 80' lang='lat' dir='ltr'><strong>appareat,</strong></span> <span class='ocrx_word' id='word_1_16' title='bbox 690 547 772 610; x_wconf 84' lang='lat' dir='ltr'><strong>infra</strong></span> <span class='ocrx_word' id='word_1_17' title='bbox 810 547 987 611; x_wconf 81' lang='lat' dir='ltr'><strong>accuratius</strong></span> <span class='ocrx_word' id='word_1_18' title='bbox 1022 547 1263 619; x_wconf 76' lang='lat' dir='ltr'><strong>disseremus.⁸⁹l</strong></span> <span class='ocrx_word' id='word_1_19' title='bbox 1318 546 1413 612; x_wconf 84' lang='lat' dir='ltr'><strong>Nunc</strong></span> 
     </span>
     <span class='ocr_line' id='line_1_4' title="bbox 243 636 1275 720; baseline 0 -21"><span class='ocrx_word' id='word_1_20' title='bbox 243 636 319 720; x_wconf 94' lang='lat' dir='ltr'><strong>qnid</strong></span> <span class='ocrx_word' id='word_1_21' title='bbox 339 655 381 699; x_wconf 83' lang='lat' dir='ltr'><strong>ex</strong></span> <span class='ocrx_word' id='word_1_22' title='bbox 403 637 448 700; x_wconf 92' lang='lat' dir='ltr'><strong>eis</strong></span> <span class='ocrx_word' id='word_1_23' title='bbox 472 637 510 700; x_wconf 93' lang='lat' dir='ltr'><strong>de</strong></span> <span class='ocrx_word' id='word_1_24' title='bbox 534 636 643 699; x_wconf 91' lang='lat' dir='ltr'><strong>ordine</strong></span> <span class='ocrx_word' id='word_1_25' title='bbox 666 636 867 720; x_wconf 90' lang='lat' dir='ltr'><strong>prologorum</strong></span> <span class='ocrx_word' id='word_1_26' title='bbox 892 637 1061 715; x_wconf 88' lang='lat' dir='ltr'><strong>discamus,</strong></span> <span class='ocrx_word' id='word_1_27' title='bbox 1084 638 1275 719; x_wconf 80' lang='lat' dir='ltr'><strong>quaerimus.</strong></span> 
     </span>
    </p>

    <p class='ocr_par' dir='ltr' id='par_1_3' title="bbox 241 723 1414 1344">
     <span class='ocr_line' id='line_1_5' title="bbox 332 723 1413 810; baseline 0.002 -22"><span class='ocrx_word' id='word_1_28' title='bbox 332 723 359 808; x_wconf 93' lang='lat' dir='ltr'><strong>l)</strong></span> <span class='ocrx_word' id='word_1_29' title='bbox 382 725 420 788; x_wconf 91' lang='lat' dir='ltr'><strong>In</strong></span> <span class='ocrx_word' id='word_1_30' title='bbox 445 727 585 789; x_wconf 83' lang='lat' dir='ltr'><strong>Andriae</strong></span> <span class='ocrx_word' id='word_1_31' title='bbox 606 726 736 810; x_wconf 86' lang='lat' dir='ltr'><strong>prologo</strong></span> <span class='ocrx_word' id='word_1_32' title='bbox 771 725 834 809; x_wconf 82' lang='lat' dir='ltr'><strong>(vv.</strong></span> <span class='ocrx_word' id='word_1_33' title='bbox 861 726 959 808; x_wconf 77' lang='lat'>1-7)</span> <span class='ocrx_word' id='word_1_34' title='bbox 982 724 1147 789; x_wconf 75' lang='lat' dir='ltr'><strong>Terentius</strong></span> <span class='ocrx_word' id='word_1_35' title='bbox 1174 727 1358 810; x_wconf 83' lang='lat' dir='ltr'><strong>pronuntiat</strong></span> <span class='ocrx_word' id='word_1_36' title='bbox 1379 746 1413 790; x_wconf 90' lang='lat' dir='ltr'><strong>se</strong></span> 
     </span>
     <span class='ocr_line' id='line_1_6' title="bbox 242 813 1414 898; baseline 0.001 -20"><span class='ocrx_word' id='word_1_37' title='bbox 242 816 334 878; x_wconf 87' lang='lat' dir='ltr'><strong>etiam</strong></span> <span class='ocrx_word' id='word_1_38' title='bbox 354 815 501 898; x_wconf 83' lang='lat' dir='ltr'><strong>prologos</strong></span> <span class='ocrx_word' id='word_1_39' title='bbox 520 816 768 898; x_wconf 88' lang='lat' dir='ltr'><strong>compositurum</strong></span> <span class='ocrx_word' id='word_1_40' title='bbox 793 833 869 896; x_wconf 89' lang='lat' dir='ltr'><strong>esse,</strong></span> <span class='ocrx_word' id='word_1_41' title='bbox 893 833 956 878; x_wconf 91' lang='lat' dir='ltr'><strong>non</strong></span> <span class='ocrx_word' id='word_1_42' title='bbox 980 823 1018 878; x_wconf 89' lang='lat' dir='ltr'><strong>ut</strong></span> <span class='ocrx_word' id='word_1_43' title='bbox 1041 822 1264 898; x_wconf 84' lang='lat' dir='ltr'><strong>argumentum</strong></span> <span class='ocrx_word' id='word_1_44' title='bbox 1289 813 1414 879; x_wconf 84' lang='lat' dir='ltr'><strong>fabulas</strong></span> 
     </span>
     <span class='ocr_line' id='line_1_7' title="bbox 242 901 1414 988; baseline 0.001 -21"><span class='ocrx_word' id='word_1_45' title='bbox 242 909 380 985; x_wconf 85' lang='lat' dir='ltr'><strong>enarret,</strong></span> <span class='ocrx_word' id='word_1_46' title='bbox 412 904 468 966; x_wconf 91' lang='lat' dir='ltr'><strong>sed</strong></span> <span class='ocrx_word' id='word_1_47' title='bbox 496 910 533 967; x_wconf 90' lang='lat' dir='ltr'><strong>ut</strong></span> <span class='ocrx_word' id='word_1_48' title='bbox 561 904 814 968; x_wconf 87' lang='lat' dir='ltr'><strong>adversariorum</strong></span> <span class='ocrx_word' id='word_1_49' title='bbox 842 904 1016 968; x_wconf 88' lang='lat' dir='ltr'><strong>maledictis</strong></span> <span class='ocrx_word' id='word_1_50' title='bbox 1044 904 1239 988; x_wconf 88' lang='lat' dir='ltr'><strong>respondeat.</strong></span> <span class='ocrx_word' id='word_1_51' title='bbox 1277 901 1349 980; x_wconf 84' lang='lat' dir='ltr'><strong>Quo</strong></span> <span class='ocrx_word' id='word_1_52' title='bbox 1373 923 1414 968; x_wconf 82' lang='lat' dir='ltr'><strong>ex</strong></span> 
     </span>
     <span class='ocr_line' id='line_1_8' title="bbox 241 993 1413 1077; baseline 0.001 -22"><span class='ocrx_word' id='word_1_53' title='bbox 241 994 311 1057; x_wconf 89' lang='lat' dir='ltr'><strong>loco</strong></span> <span class='ocrx_word' id='word_1_54' title='bbox 334 993 416 1056; x_wconf 90' lang='lat' dir='ltr'><strong>effici</strong></span> <span class='ocrx_word' id='word_1_55' title='bbox 439 999 565 1076; x_wconf 85' lang='lat' dir='ltr'><strong>poetam</strong></span> <span class='ocrx_word' id='word_1_56' title='bbox 588 1012 690 1076; x_wconf 90' lang='lat' dir='ltr'><strong>usque</strong></span> <span class='ocrx_word' id='word_1_57' title='bbox 718 994 759 1056; x_wconf 84' lang='lat' dir='ltr'><strong>ed</strong></span> <span class='ocrx_word' id='word_1_58' title='bbox 789 1011 858 1056; x_wconf 89' lang='lat' dir='ltr'><strong>eam</strong></span> <span class='ocrx_word' id='word_1_59' title='bbox 883 994 1022 1057; x_wconf 81' lang='lat' dir='ltr'><strong>Andriae</strong></span> <span class='ocrx_word' id='word_1_60' title='bbox 1049 995 1219 1075; x_wconf 88' lang='lat' dir='ltr'><strong>actionem,</strong></span> <span class='ocrx_word' id='word_1_61' title='bbox 1246 994 1287 1056; x_wconf 87' lang='lat' dir='ltr'><strong>ad</strong></span> <span class='ocrx_word' id='word_1_62' title='bbox 1315 1013 1413 1077; x_wconf 91' lang='lat' dir='ltr'><strong>quam</strong></span> 
     </span>
     <span class='ocr_line' id='line_1_9' title="bbox 242 1081 1413 1167; baseline -0.003 -21"><span class='ocrx_word' id='word_1_63' title='bbox 242 1081 392 1165; x_wconf 82' lang='lat' dir='ltr'><strong>prologus</strong></span> <span class='ocrx_word' id='word_1_64' title='bbox 415 1089 547 1166; x_wconf 86' lang='lat' dir='ltr'><strong>spectat,</strong></span> <span class='ocrx_word' id='word_1_65' title='bbox 573 1082 739 1165; x_wconf 85' lang='lat' dir='ltr'><strong>prologum</strong></span> <span class='ocrx_word' id='word_1_66' title='bbox 764 1084 893 1145; x_wconf 90' lang='lat' dir='ltr'><strong>omnino</strong></span> <span class='ocrx_word' id='word_1_67' title='bbox 918 1101 980 1145; x_wconf 90' lang='lat' dir='ltr'><strong>non</strong></span> <span class='ocrx_word' id='word_1_68' title='bbox 1005 1083 1168 1165; x_wconf 86' lang='lat' dir='ltr'><strong>scripsisse</strong></span> <span class='ocrx_word' id='word_1_69' title='bbox 1191 1101 1287 1167; x_wconf 90' lang='lat' dir='ltr'><strong>supra</strong></span> <span class='ocrx_word' id='word_1_70' title='bbox 1310 1088 1413 1146; x_wconf 53' lang='lat' dir='ltr'><strong>osten,</strong></span> 
     </span>
     <span class='ocr_line' id='line_1_10' title="bbox 242 1171 721 1250; baseline -0.002 -16"><span class='ocrx_word' id='word_1_71' title='bbox 242 1171 396 1250; x_wconf 78' lang='lat' dir='ltr'><strong>dimus.⁰⁰l</strong></span> <span class='ocrx_word' id='word_1_72' title='bbox 719 1229 721 1233; x_wconf 87' lang='lat'>.</span> 
     </span>
     <span class='ocr_line' id='line_1_11' title="bbox 332 1258 1337 1344; baseline 0.001 -21"><span class='ocrx_word' id='word_1_73' title='bbox 332 1258 375 1342; x_wconf 87' lang='grc' dir='ltr'><strong>ΙΙ)</strong></span> <span class='ocrx_word' id='word_1_74' title='bbox 394 1258 432 1323; x_wconf 93' lang='lat' dir='ltr'><strong>In</strong></span> <span class='ocrx_word' id='word_1_75' title='bbox 456 1260 657 1325; x_wconf 87' lang='lat' dir='ltr'><strong>Phormionis</strong></span> <span class='ocrx_word' id='word_1_76' title='bbox 680 1259 809 1344; x_wconf 86' lang='lat' dir='ltr'><strong>prologo</strong></span> <span class='ocrx_word' id='word_1_77' title='bbox 832 1260 969 1344; x_wconf 89' lang='lat' dir='ltr'><strong>legimus</strong></span> <span class='ocrx_word' id='word_1_78' title='bbox 992 1261 1069 1324; x_wconf 84' lang='lat' dir='ltr'><strong>haec</strong></span> <span class='ocrx_word' id='word_1_79' title='bbox 1092 1262 1154 1343; x_wconf 84' lang='lat' dir='ltr'>(vv.</span> <span class='ocrx_word' id='word_1_80' title='bbox 1181 1259 1337 1344; x_wconf 82' lang='lat'>12-19):</span> 
     </span>
    </p>

    <p class='ocr_par' dir='ltr' id='par_1_4' title="bbox 401 1347 1304 1434">
     <span class='ocr_line' id='line_1_12' title="bbox 401 1347 1304 1434; baseline 0 -22"><span class='ocrx_word' id='word_1_81' title='bbox 401 1347 515 1433; x_wconf 89' lang='lat' dir='ltr'><strong>„Nunc</strong></span> <span class='ocrx_word' id='word_1_82' title='bbox 537 1351 565 1412; x_wconf 85' lang='lat' dir='ltr'><strong>si</strong></span> <span class='ocrx_word' id='word_1_83' title='bbox 589 1351 661 1434; x_wconf 91' lang='lat' dir='ltr'><strong>quis</strong></span> <span class='ocrx_word' id='word_1_84' title='bbox 684 1355 739 1432; x_wconf 82' lang='lat' dir='ltr'><strong>est,</strong></span> <span class='ocrx_word' id='word_1_85' title='bbox 763 1351 819 1433; x_wconf 88' lang='lat' dir='ltr'><strong>qui</strong></span> <span class='ocrx_word' id='word_1_86' title='bbox 841 1350 900 1414; x_wconf 87' lang='lat' dir='ltr'><strong>hoe</strong></span> <span class='ocrx_word' id='word_1_87' title='bbox 924 1350 1008 1414; x_wconf 89' lang='lat' dir='ltr'><strong>dicat</strong></span> <span class='ocrx_word' id='word_1_88' title='bbox 1029 1355 1086 1414; x_wconf 83' lang='lat' dir='ltr'><strong>aut</strong></span> <span class='ocrx_word' id='word_1_89' title='bbox 1108 1351 1153 1414; x_wconf 91' lang='lat' dir='ltr'><strong>sic</strong></span> <span class='ocrx_word' id='word_1_90' title='bbox 1176 1351 1304 1433; x_wconf 86' lang='lat' dir='ltr'><strong>cogitet:</strong></span> 
     </span>
    </p>

    <p class='ocr_par' dir='ltr' id='par_1_5' title="bbox 403 1438 1079 1524">
     <span class='ocr_line' id='line_1_13' title="bbox 403 1438 1079 1524; baseline 0 -22"><span class='ocrx_word' id='word_1_91' title='bbox 403 1438 514 1520; x_wconf 86' lang='lat' dir='ltr'><strong>,Vetus</strong></span> <span class='ocrx_word' id='word_1_92' title='bbox 536 1440 562 1503; x_wconf 92' lang='lat' dir='ltr'><strong>si</strong></span> <span class='ocrx_word' id='word_1_93' title='bbox 585 1445 677 1524; x_wconf 88' lang='lat' dir='ltr'><strong>poeta</strong></span> <span class='ocrx_word' id='word_1_94' title='bbox 699 1439 963 1512; x_wconf 89' lang='lat' dir='ltr'><strong>nonlacessisset</strong></span> <span class='ocrx_word' id='word_1_95' title='bbox 985 1440 1079 1524; x_wconf 91' lang='lat' dir='ltr'><strong>prior,</strong></span> 
     </span>
    </p>

    <p class='ocr_par' dir='ltr' id='par_1_6' title="bbox 401 1527 1148 1613">
     <span class='ocr_line' id='line_1_14' title="bbox 401 1527 1148 1613; baseline 0.003 -21"><span class='ocrx_word' id='word_1_96' title='bbox 401 1527 535 1594; x_wconf 90' lang='lat' dir='ltr'><strong>Nullum</strong></span> <span class='ocrx_word' id='word_1_97' title='bbox 557 1530 702 1593; x_wconf 86' lang='lat' dir='ltr'><strong>invenire</strong></span> <span class='ocrx_word' id='word_1_98' title='bbox 722 1528 888 1613; x_wconf 87' lang='lat' dir='ltr'><strong>prologum</strong></span> <span class='ocrx_word' id='word_1_99' title='bbox 912 1535 1017 1613; x_wconf 87' lang='lat' dir='ltr'><strong>posset</strong></span> <span class='ocrx_word' id='word_1_100' title='bbox 1039 1548 1148 1610; x_wconf 83' lang='lat' dir='ltr'><strong>novos,</strong></span> 
     </span>
    </p>

    <p class='ocr_par' dir='ltr' id='par_1_7' title="bbox 339 1615 1224 1700">
     <span class='ocr_line' id='line_1_15' title="bbox 339 1615 1224 1700; baseline -0.002 -18"><span class='ocrx_word' id='word_1_101' title='bbox 339 1688 341 1693; x_wconf 62' lang='grc'><strong>,</strong></span> <span class='ocrx_word' id='word_1_102' title='bbox 403 1615 503 1694; x_wconf 81' lang='lat' dir='ltr'><strong>Quem</strong></span> <span class='ocrx_word' id='word_1_103' title='bbox 528 1619 653 1700; x_wconf 89' lang='lat' dir='ltr'><strong>diceret,</strong></span> <span class='ocrx_word' id='word_1_104' title='bbox 675 1621 737 1682; x_wconf 93' lang='lat' dir='ltr'><strong>nisi</strong></span> <span class='ocrx_word' id='word_1_105' title='bbox 760 1618 888 1682; x_wconf 89' lang='lat' dir='ltr'><strong>haberet</strong></span> <span class='ocrx_word' id='word_1_106' title='bbox 910 1621 964 1682; x_wconf 89' lang='lat' dir='ltr'><strong>cui</strong></span> <span class='ocrx_word' id='word_1_107' title='bbox 981 1619 1063 1682; x_wconf 84' lang='lat' dir='ltr'><strong>mole</strong></span> <span class='ocrx_word' id='word_1_108' title='bbox 1086 1619 1224 1682; x_wconf 87' lang='lat' dir='ltr'><strong>diceret‘:</strong></span> 
     </span>
    </p>

    <p class='ocr_par' dir='ltr' id='par_1_8' title="bbox 399 1706 1314 1792">
     <span class='ocr_line' id='line_1_16' title="bbox 399 1706 1314 1792; baseline 0 -22"><span class='ocrx_word' id='word_1_109' title='bbox 399 1707 435 1778; x_wconf 90' lang='lat' dir='ltr'><strong>Is</strong></span> <span class='ocrx_word' id='word_1_110' title='bbox 458 1708 519 1773; x_wconf 91' lang='lat' dir='ltr'><strong>sibi</strong></span> <span class='ocrx_word' id='word_1_111' title='bbox 542 1727 728 1792; x_wconf 90' lang='lat' dir='ltr'><strong>responsum</strong></span> <span class='ocrx_word' id='word_1_112' title='bbox 753 1709 813 1771; x_wconf 90' lang='lat' dir='ltr'><strong>hoe</strong></span> <span class='ocrx_word' id='word_1_113' title='bbox 831 1706 954 1785; x_wconf 89' lang='lat' dir='ltr'><strong>habeat,</strong></span> <span class='ocrx_word' id='word_1_114' title='bbox 981 1710 1015 1770; x_wconf 93' lang='lat' dir='ltr'><strong>in</strong></span> <span class='ocrx_word' id='word_1_115' title='bbox 1039 1708 1142 1772; x_wconf 90' lang='lat' dir='ltr'><strong>medio</strong></span> <span class='ocrx_word' id='word_1_116' title='bbox 1166 1707 1314 1771; x_wconf 91' lang='lat' dir='ltr'><strong>omnibus</strong></span> 
     </span>
    </p>

    <p class='ocr_par' dir='ltr' id='par_1_9' title="bbox 404 1796 1346 1880">
     <span class='ocr_line' id='line_1_17' title="bbox 404 1796 1346 1880; baseline 0.001 -21"><span class='ocrx_word' id='word_1_117' title='bbox 404 1796 547 1860; x_wconf 92' lang='lat' dir='ltr'><strong>Palmam</strong></span> <span class='ocrx_word' id='word_1_118' title='bbox 571 1815 639 1860; x_wconf 90' lang='lat' dir='ltr'><strong>esse</strong></span> <span class='ocrx_word' id='word_1_119' title='bbox 662 1798 804 1880; x_wconf 88' lang='lat' dir='ltr'><strong>positam,</strong></span> <span class='ocrx_word' id='word_1_120' title='bbox 829 1798 885 1880; x_wconf 91' lang='lat' dir='ltr'><strong>qui</strong></span> <span class='ocrx_word' id='word_1_121' title='bbox 905 1805 1003 1860; x_wconf 91' lang='lat' dir='ltr'><strong>artem</strong></span> <span class='ocrx_word' id='word_1_122' title='bbox 1027 1802 1162 1861; x_wconf 85' lang='lat' dir='ltr'><strong>tractent</strong></span> <span class='ocrx_word' id='word_1_123' title='bbox 1185 1799 1346 1860; x_wconf 80' lang='lat' dir='ltr'><strong>musicem.</strong></span> 
     </span>
    </p>

    <p class='ocr_par' dir='ltr' id='par_1_10' title="bbox 403 1885 1239 1950">
     <span class='ocr_line' id='line_1_18' title="bbox 403 1885 1239 1950; baseline 0.001 -3"><span class='ocrx_word' id='word_1_124' title='bbox 403 1885 461 1948; x_wconf 91' lang='lat' dir='ltr'><strong>Ille</strong></span> <span class='ocrx_word' id='word_1_125' title='bbox 484 1886 523 1950; x_wconf 88' lang='lat' dir='ltr'><strong>ad</strong></span> <span class='ocrx_word' id='word_1_126' title='bbox 546 1886 661 1949; x_wconf 80' lang='lat' dir='ltr'><strong>famem</strong></span> <span class='ocrx_word' id='word_1_127' title='bbox 685 1886 770 1948; x_wconf 88' lang='lat' dir='ltr'><strong>hune</strong></span> <span class='ocrx_word' id='word_1_128' title='bbox 793 1906 811 1948; x_wconf 90' lang='lat' dir='ltr'><strong>a</strong></span> <span class='ocrx_word' id='word_1_129' title='bbox 834 1886 940 1950; x_wconf 89' lang='lat' dir='ltr'><strong>studio</strong></span> <span class='ocrx_word' id='word_1_130' title='bbox 963 1887 1087 1950; x_wconf 86' lang='lat' dir='ltr'><strong>studuit</strong></span> <span class='ocrx_word' id='word_1_131' title='bbox 1109 1887 1239 1950; x_wconf 89' lang='lat' dir='ltr'><strong>reicere:</strong></span> 
     </span>
    </p>

    <p class='ocr_par' dir='ltr' id='par_1_11' title="bbox 242 1974 1418 3294">
     <span class='ocr_line' id='line_1_19' title="bbox 403 1974 1098 2059; baseline 0.003 -22"><span class='ocrx_word' id='word_1_132' title='bbox 403 1974 465 2038; x_wconf 92' lang='lat' dir='ltr'><strong>Hic</strong></span> <span class='ocrx_word' id='word_1_133' title='bbox 488 1974 676 2059; x_wconf 90' lang='lat' dir='ltr'><strong>respondere</strong></span> <span class='ocrx_word' id='word_1_134' title='bbox 699 1976 809 2056; x_wconf 87' lang='lat' dir='ltr'><strong>voluit,</strong></span> <span class='ocrx_word' id='word_1_135' title='bbox 832 1994 894 2038; x_wconf 90' lang='lat' dir='ltr'><strong>non</strong></span> <span class='ocrx_word' id='word_1_136' title='bbox 919 1975 1098 2041; x_wconf 86' lang='lat' dir='ltr'><strong>lacessere.“</strong></span> 
     </span>
     <span class='ocr_line' id='line_1_20' title="bbox 243 2062 1414 2149; baseline -0.002 -21"><span class='ocrx_word' id='word_1_137' title='bbox 243 2062 331 2140; x_wconf 77' lang='lat' dir='ltr'><strong>Quos</strong></span> <span class='ocrx_word' id='word_1_138' title='bbox 348 2082 420 2128; x_wconf 87' lang='lat' dir='ltr'><strong>cum</strong></span> <span class='ocrx_word' id='word_1_139' title='bbox 440 2083 553 2128; x_wconf 87' lang='lat' dir='ltr'><strong>versus</strong></span> <span class='ocrx_word' id='word_1_140' title='bbox 571 2064 729 2145; x_wconf 80' lang='lat' dir='ltr'><strong>scriberet,</strong></span> <span class='ocrx_word' id='word_1_141' title='bbox 748 2073 869 2146; x_wconf 89' lang='lat' dir='ltr'><strong>poetam</strong></span> <span class='ocrx_word' id='word_1_142' title='bbox 891 2066 1068 2149; x_wconf 87' lang='lat' dir='ltr'><strong>complures</strong></span> <span class='ocrx_word' id='word_1_143' title='bbox 1087 2065 1242 2129; x_wconf 89' lang='lat' dir='ltr'><strong>eiusmodi</strong></span> <span class='ocrx_word' id='word_1_144' title='bbox 1261 2065 1414 2148; x_wconf 87' lang='lat' dir='ltr'><strong>prologos,</strong></span> 
     </span>
     <span class='ocr_line' id='line_1_21' title="bbox 244 2152 1415 2238; baseline -0.002 -21"><span class='ocrx_word' id='word_1_145' title='bbox 244 2153 362 2236; x_wconf 90' lang='lat' dir='ltr'><strong>quibus</strong></span> <span class='ocrx_word' id='word_1_146' title='bbox 384 2155 416 2220; x_wconf 89' lang='lat' dir='ltr'><strong>id</strong></span> <span class='ocrx_word' id='word_1_147' title='bbox 441 2154 544 2218; x_wconf 91' lang='lat' dir='ltr'><strong>solum</strong></span> <span class='ocrx_word' id='word_1_148' title='bbox 569 2160 731 2238; x_wconf 89' lang='lat' dir='ltr'><strong>spectaret,</strong></span> <span class='ocrx_word' id='word_1_149' title='bbox 754 2162 790 2217; x_wconf 89' lang='lat' dir='ltr'><strong>ut</strong></span> <span class='ocrx_word' id='word_1_150' title='bbox 814 2161 844 2218; x_wconf 92' lang='lat' dir='ltr'><strong>et</strong></span> <span class='ocrx_word' id='word_1_151' title='bbox 862 2154 901 2217; x_wconf 87' lang='lat' dir='ltr'><strong>ab</strong></span> <span class='ocrx_word' id='word_1_152' title='bbox 920 2156 1104 2238; x_wconf 87' lang='lat' dir='ltr'><strong>iniquorum</strong></span> <span class='ocrx_word' id='word_1_153' title='bbox 1125 2152 1415 2218; x_wconf 86' lang='lat' dir='ltr'><strong>insimulationibus</strong></span> 
     </span>
     <span class='ocr_line' id='line_1_22' title="bbox 243 2243 1415 2328; baseline -0.002 -22"><span class='ocrx_word' id='word_1_154' title='bbox 243 2261 277 2306; x_wconf 90' lang='lat' dir='ltr'><strong>se</strong></span> <span class='ocrx_word' id='word_1_155' title='bbox 300 2244 480 2308; x_wconf 87' lang='lat' dir='ltr'><strong>defenderet</strong></span> <span class='ocrx_word' id='word_1_156' title='bbox 503 2250 534 2308; x_wconf 90' lang='lat' dir='ltr'><strong>et</strong></span> <span class='ocrx_word' id='word_1_157' title='bbox 561 2245 687 2327; x_wconf 90' lang='lat' dir='ltr'><strong>ipsein</strong></span> <span class='ocrx_word' id='word_1_158' title='bbox 717 2243 788 2308; x_wconf 86' lang='lat' dir='ltr'><strong>illos</strong></span> <span class='ocrx_word' id='word_1_159' title='bbox 815 2245 952 2328; x_wconf 90' lang='lat' dir='ltr'><strong>impetus</strong></span> <span class='ocrx_word' id='word_1_160' title='bbox 979 2245 1107 2319; x_wconf 85' lang='lat' dir='ltr'><strong>faceret,</strong></span> <span class='ocrx_word' id='word_1_161' title='bbox 1141 2247 1356 2328; x_wconf 80' lang='lat' dir='ltr'><strong>composuisse</strong></span> <span class='ocrx_word' id='word_1_162' title='bbox 1381 2243 1415 2304; x_wconf 90' lang='lat' dir='ltr'><strong>in</strong></span> 
     </span>
     <span class='ocr_line' id='line_1_23' title="bbox 243 2333 1416 2418; baseline -0.001 -23"><span class='ocrx_word' id='word_1_163' title='bbox 243 2340 390 2417; x_wconf 86' lang='lat' dir='ltr'><strong>promptu</strong></span> <span class='ocrx_word' id='word_1_164' title='bbox 409 2344 463 2398; x_wconf 91' lang='lat' dir='ltr'><strong>est.</strong></span> <span class='ocrx_word' id='word_1_165' title='bbox 510 2333 596 2398; x_wconf 88' lang='lat' dir='ltr'><strong>Huic</strong></span> <span class='ocrx_word' id='word_1_166' title='bbox 618 2335 716 2418; x_wconf 89' lang='lat' dir='ltr'><strong>igitur</strong></span> <span class='ocrx_word' id='word_1_167' title='bbox 740 2335 867 2417; x_wconf 89' lang='lat' dir='ltr'><strong>prologo</strong></span> <span class='ocrx_word' id='word_1_168' title='bbox 887 2353 950 2398; x_wconf 91' lang='lat' dir='ltr'><strong>non</strong></span> <span class='ocrx_word' id='word_1_169' title='bbox 970 2334 1063 2398; x_wconf 94' lang='lat' dir='ltr'><strong>modo</strong></span> <span class='ocrx_word' id='word_1_170' title='bbox 1082 2335 1223 2398; x_wconf 83' lang='lat' dir='ltr'><strong>Andriae</strong></span> <span class='ocrx_word' id='word_1_171' title='bbox 1241 2333 1416 2416; x_wconf 90' lang='lat' dir='ltr'><strong>prologum,</strong></span> 
     </span>
     <span class='ocr_line' id='line_1_24' title="bbox 242 2420 1416 2508; baseline -0.003 -23"><span class='ocrx_word' id='word_1_172' title='bbox 242 2423 299 2487; x_wconf 88' lang='lat' dir='ltr'><strong>sed</strong></span> <span class='ocrx_word' id='word_1_173' title='bbox 327 2425 420 2486; x_wconf 90' lang='lat' dir='ltr'><strong>etiam</strong></span> <span class='ocrx_word' id='word_1_174' title='bbox 456 2423 535 2488; x_wconf 87' lang='lat' dir='ltr'><strong>alios</strong></span> <span class='ocrx_word' id='word_1_175' title='bbox 569 2426 714 2508; x_wconf 89' lang='lat' dir='ltr'><strong>prologos</strong></span> <span class='ocrx_word' id='word_1_176' title='bbox 743 2425 947 2488; x_wconf 85' lang='lat' dir='ltr'><strong>antecessisse</strong></span> <span class='ocrx_word' id='word_1_177' title='bbox 976 2429 1110 2508; x_wconf 87' lang='lat' dir='ltr'><strong>apparet.</strong></span> <span class='ocrx_word' id='word_1_178' title='bbox 1157 2420 1249 2499; x_wconf 80' lang='lat' dir='ltr'><strong>Quae</strong></span> <span class='ocrx_word' id='word_1_179' title='bbox 1276 2441 1349 2484; x_wconf 91' lang='lat' dir='ltr'><strong>cum</strong></span> <span class='ocrx_word' id='word_1_180' title='bbox 1373 2421 1416 2484; x_wconf 90' lang='lat' dir='ltr'><strong>ita</strong></span> 
     </span>
     <span class='ocr_line' id='line_1_25' title="bbox 243 2511 1417 2594; baseline -0.002 -20"><span class='ocrx_word' id='word_1_181' title='bbox 243 2515 314 2594; x_wconf 87' lang='lat' dir='ltr'><strong>sint,</strong></span> <span class='ocrx_word' id='word_1_182' title='bbox 337 2511 503 2578; x_wconf 78' lang='lat' dir='ltr'><strong>Terentius</strong></span> <span class='ocrx_word' id='word_1_183' title='bbox 526 2515 583 2578; x_wconf 90' lang='lat' dir='ltr'><strong>hos</strong></span> <span class='ocrx_word' id='word_1_184' title='bbox 605 2533 717 2576; x_wconf 87' lang='lat' dir='ltr'><strong>versus</strong></span> <span class='ocrx_word' id='word_1_185' title='bbox 740 2520 826 2575; x_wconf 87' lang='lat' dir='ltr'><strong>certe</strong></span> <span class='ocrx_word' id='word_1_186' title='bbox 848 2533 911 2575; x_wconf 86' lang='lat' dir='ltr'><strong>non</strong></span> <span class='ocrx_word' id='word_1_187' title='bbox 937 2512 976 2576; x_wconf 95' lang='lat' dir='ltr'><strong>ob</strong></span> <span class='ocrx_word' id='word_1_188' title='bbox 1004 2533 1072 2577; x_wconf 86' lang='lat' dir='ltr'><strong>eam</strong></span> <span class='ocrx_word' id='word_1_189' title='bbox 1102 2531 1229 2576; x_wconf 90' lang='lat' dir='ltr'><strong>causam</strong></span> <span class='ocrx_word' id='word_1_190' title='bbox 1259 2513 1353 2591; x_wconf 80' lang='lat' dir='ltr'><strong>dixit,</strong></span> <span class='ocrx_word' id='word_1_191' title='bbox 1381 2518 1417 2572; x_wconf 86' lang='lat' dir='ltr'><strong>ut</strong></span> 
     </span>
     <span class='ocr_line' id='line_1_26' title="bbox 242 2601 1418 2687; baseline -0.002 -23"><span class='ocrx_word' id='word_1_192' title='bbox 242 2601 395 2687; x_wconf 90' lang='lat' dir='ltr'><strong>populum</strong></span> <span class='ocrx_word' id='word_1_193' title='bbox 426 2602 463 2666; x_wconf 89' lang='lat' dir='ltr'><strong>de</strong></span> <span class='ocrx_word' id='word_1_194' title='bbox 491 2603 694 2686; x_wconf 87' lang='lat' dir='ltr'><strong>prologorum</strong></span> <span class='ocrx_word' id='word_1_195' title='bbox 727 2622 858 2665; x_wconf 89' lang='lat' dir='ltr'><strong>suorum</strong></span> <span class='ocrx_word' id='word_1_196' title='bbox 887 2621 1001 2684; x_wconf 91' lang='lat' dir='ltr'><strong>genere</strong></span> <span class='ocrx_word' id='word_1_197' title='bbox 1029 2603 1184 2684; x_wconf 88' lang='lat' dir='ltr'><strong>edoceret,</strong></span> <span class='ocrx_word' id='word_1_198' title='bbox 1217 2602 1272 2664; x_wconf 92' lang='lat' dir='ltr'><strong>sed</strong></span> <span class='ocrx_word' id='word_1_199' title='bbox 1305 2619 1418 2662; x_wconf 87' lang='lat' dir='ltr'><strong>versus</strong></span> 
     </span>
     <span class='ocr_line' id='line_1_27' title="bbox 243 2689 1414 2774; baseline -0.003 -20"><span class='ocrx_word' id='word_1_200' title='bbox 243 2696 384 2774; x_wconf 88' lang='lat' dir='ltr'><strong>spectent</strong></span> <span class='ocrx_word' id='word_1_201' title='bbox 403 2710 530 2756; x_wconf 87' lang='lat' dir='ltr'><strong>neeesse</strong></span> <span class='ocrx_word' id='word_1_202' title='bbox 546 2699 594 2756; x_wconf 89' lang='lat' dir='ltr'><strong>est</strong></span> <span class='ocrx_word' id='word_1_203' title='bbox 612 2693 651 2754; x_wconf 91' lang='lat' dir='ltr'><strong>ad</strong></span> <span class='ocrx_word' id='word_1_204' title='bbox 670 2692 756 2753; x_wconf 89' lang='lat' dir='ltr'><strong>illam</strong></span> <span class='ocrx_word' id='word_1_205' title='bbox 777 2693 1020 2772; x_wconf 86' lang='lat' dir='ltr'><strong>contentionem,</strong></span> <span class='ocrx_word' id='word_1_206' title='bbox 1039 2711 1121 2774; x_wconf 89' lang='lat' dir='ltr'><strong>quae</strong></span> <span class='ocrx_word' id='word_1_207' title='bbox 1136 2695 1218 2754; x_wconf 88' lang='lat' dir='ltr'><strong>inter</strong></span> <span class='ocrx_word' id='word_1_208' title='bbox 1232 2689 1414 2753; x_wconf 76' lang='lat' dir='ltr'><strong>Terentium</strong></span> 
     </span>
     <span class='ocr_line' id='line_1_28' title="bbox 244 2779 1415 2865; baseline -0.003 -22"><span class='ocrx_word' id='word_1_209' title='bbox 244 2788 275 2843; x_wconf 90' lang='lat' dir='ltr'><strong>et</strong></span> <span class='ocrx_word' id='word_1_210' title='bbox 298 2787 417 2844; x_wconf 87' lang='lat' dir='ltr'><strong>ceteros</strong></span> <span class='ocrx_word' id='word_1_211' title='bbox 445 2785 552 2865; x_wconf 89' lang='lat' dir='ltr'><strong>poetas</strong></span> <span class='ocrx_word' id='word_1_212' title='bbox 580 2788 654 2844; x_wconf 84' lang='lat' dir='ltr'><strong>erat.</strong></span> <span class='ocrx_word' id='word_1_213' title='bbox 700 2779 770 2844; x_wconf 91' lang='lat' dir='ltr'><strong>Hoc</strong></span> <span class='ocrx_word' id='word_1_214' title='bbox 797 2781 846 2843; x_wconf 86' lang='lat' dir='ltr'><strong>ita</strong></span> <span class='ocrx_word' id='word_1_215' title='bbox 873 2798 941 2844; x_wconf 90' lang='lat' dir='ltr'><strong>esse</strong></span> <span class='ocrx_word' id='word_1_216' title='bbox 969 2783 1027 2844; x_wconf 91' lang='lat' dir='ltr'><strong>etsi</strong></span> <span class='ocrx_word' id='word_1_217' title='bbox 1049 2782 1282 2861; x_wconf 80' lang='lat' dir='ltr'><strong>intelleximus,</strong></span> <span class='ocrx_word' id='word_1_218' title='bbox 1310 2787 1415 2842; x_wconf 89' lang='lat' dir='ltr'><strong>tamen</strong></span> 
     </span>
     <span class='ocr_line' id='line_1_29' title="bbox 244 2870 1417 2954; baseline -0.002 -22"><span class='ocrx_word' id='word_1_219' title='bbox 244 2870 481 2954; x_wconf 89' lang='lat' dir='ltr'><strong>responderitne</strong></span> <span class='ocrx_word' id='word_1_220' title='bbox 515 2876 606 2954; x_wconf 92' lang='lat' dir='ltr'><strong>poeta</strong></span> <span class='ocrx_word' id='word_1_221' title='bbox 638 2872 688 2933; x_wconf 89' lang='lat' dir='ltr'><strong>his</strong></span> <span class='ocrx_word' id='word_1_222' title='bbox 723 2870 827 2933; x_wconf 87' lang='lat' dir='ltr'><strong>verbis</strong></span> <span class='ocrx_word' id='word_1_223' title='bbox 862 2870 1115 2934; x_wconf 85' lang='lat' dir='ltr'><strong>adversariorum</strong></span> <span class='ocrx_word' id='word_1_224' title='bbox 1150 2871 1275 2933; x_wconf 90' lang='lat' dir='ltr'><strong>crimini</strong></span> <span class='ocrx_word' id='word_1_225' title='bbox 1309 2886 1417 2949; x_wconf 86' lang='lat' dir='ltr'><strong>neone,</strong></span> 
     </span>
     <span class='ocr_line' id='line_1_30' title="bbox 244 2959 1416 3037; baseline -0.001 -16"><span class='ocrx_word' id='word_1_226' title='bbox 244 2959 417 3024; x_wconf 90' lang='lat' dir='ltr'><strong>diiudicare</strong></span> <span class='ocrx_word' id='word_1_227' title='bbox 441 2960 568 3026; x_wconf 88' lang='lat' dir='ltr'><strong>difficile</strong></span> <span class='ocrx_word' id='word_1_228' title='bbox 591 2965 646 3024; x_wconf 91' lang='lat' dir='ltr'><strong>est.</strong></span> <span class='ocrx_word' id='word_1_229' title='bbox 682 2959 744 3024; x_wconf 81' lang='lat' dir='ltr'><strong>Sed</strong></span> <span class='ocrx_word' id='word_1_230' title='bbox 767 2959 826 3022; x_wconf 89' lang='lat' dir='ltr'><strong>hac</strong></span> <span class='ocrx_word' id='word_1_231' title='bbox 850 2959 887 3023; x_wconf 93' lang='lat' dir='ltr'><strong>de</strong></span> <span class='ocrx_word' id='word_1_232' title='bbox 910 2979 944 3024; x_wconf 89' lang='lat' dir='ltr'><strong>re</strong></span> <span class='ocrx_word' id='word_1_233' title='bbox 967 2961 1096 3037; x_wconf 78' lang='lat' dir='ltr'><strong>alias.⁶¹)</strong></span> <span class='ocrx_word' id='word_1_234' title='bbox 1120 2959 1215 3023; x_wconf 88' lang='lat' dir='ltr'><strong>Nune</strong></span> <span class='ocrx_word' id='word_1_235' title='bbox 1237 2960 1318 3024; x_wconf 91' lang='lat' dir='ltr'><strong>illud</strong></span> <span class='ocrx_word' id='word_1_236' title='bbox 1340 2959 1416 3022; x_wconf 87' lang='lat' dir='ltr'><strong>satis</strong></span> 
     </span>
     <span class='ocr_line' id='line_1_31' title="bbox 244 3047 1416 3135; baseline -0.006 -21"><span class='ocrx_word' id='word_1_237' title='bbox 244 3055 293 3114; x_wconf 89' lang='lat' dir='ltr'><strong>est</strong></span> <span class='ocrx_word' id='word_1_238' title='bbox 315 3048 452 3133; x_wconf 90' lang='lat' dir='ltr'><strong>efficere,</strong></span> <span class='ocrx_word' id='word_1_239' title='bbox 485 3056 521 3114; x_wconf 90' lang='lat' dir='ltr'><strong>ut</strong></span> <span class='ocrx_word' id='word_1_240' title='bbox 555 3069 596 3114; x_wconf 82' lang='lat' dir='ltr'><strong>ex</strong></span> <span class='ocrx_word' id='word_1_241' title='bbox 619 3051 695 3135; x_wconf 91' lang='lat' dir='ltr'><strong>ipsis</strong></span> <span class='ocrx_word' id='word_1_242' title='bbox 726 3049 830 3113; x_wconf 84' lang='lat' dir='ltr'><strong>verbis</strong></span> <span class='ocrx_word' id='word_1_243' title='bbox 853 3052 894 3130; x_wconf 91' lang='lat' dir='ltr'><strong>(v.</strong></span> <span class='ocrx_word' id='word_1_244' title='bbox 921 3050 974 3132; x_wconf 89' lang='grc'><strong>12)</strong></span> <span class='ocrx_word' id='word_1_245' title='bbox 999 3049 1112 3133; x_wconf 91' lang='lat' dir='ltr'><strong>„Nunc</strong></span> <span class='ocrx_word' id='word_1_246' title='bbox 1134 3051 1161 3112; x_wconf 92' lang='lat' dir='ltr'><strong>si</strong></span> <span class='ocrx_word' id='word_1_247' title='bbox 1185 3050 1258 3134; x_wconf 87' lang='lat' dir='ltr'><strong>quis</strong></span> <span class='ocrx_word' id='word_1_248' title='bbox 1282 3053 1337 3130; x_wconf 88' lang='lat' dir='ltr'><strong>est,</strong></span> <span class='ocrx_word' id='word_1_249' title='bbox 1361 3047 1416 3130; x_wconf 89' lang='lat' dir='ltr'><strong>qni</strong></span> 
     </span>
     <span class='ocr_line' id='line_1_32' title="bbox 243 3138 1415 3224; baseline -0.003 -22"><span class='ocrx_word' id='word_1_250' title='bbox 243 3140 303 3203; x_wconf 91' lang='lat' dir='ltr'><strong>hoc</strong></span> <span class='ocrx_word' id='word_1_251' title='bbox 326 3140 410 3204; x_wconf 90' lang='lat' dir='ltr'><strong>dicat</strong></span> <span class='ocrx_word' id='word_1_252' title='bbox 432 3147 489 3204; x_wconf 87' lang='lat' dir='ltr'><strong>aut</strong></span> <span class='ocrx_word' id='word_1_253' title='bbox 511 3143 557 3204; x_wconf 90' lang='lat' dir='ltr'><strong>sic</strong></span> <span class='ocrx_word' id='word_1_254' title='bbox 580 3141 711 3223; x_wconf 62' lang='grc' dir='ltr'><strong>θοςῖῖθῖ*ι</strong></span> <span class='ocrx_word' id='word_1_255' title='bbox 739 3158 889 3224; x_wconf 89' lang='lat' dir='ltr'><strong>apparere</strong></span> <span class='ocrx_word' id='word_1_256' title='bbox 916 3140 1062 3203; x_wconf 86' lang='lat' dir='ltr'><strong>videatur</strong></span> <span class='ocrx_word' id='word_1_257' title='bbox 1088 3145 1212 3224; x_wconf 89' lang='lat' dir='ltr'><strong>poetam</strong></span> <span class='ocrx_word' id='word_1_258' title='bbox 1240 3138 1279 3202; x_wconf 93' lang='lat' dir='ltr'><strong>ab</strong></span> <span class='ocrx_word' id='word_1_259' title='bbox 1308 3138 1415 3200; x_wconf 87' lang='lat' dir='ltr'><strong>adver·</strong></span> 
     </span>
     <span class='ocr_line' id='line_1_33' title="bbox 244 3231 1371 3294; baseline -0.001 -2"><span class='ocrx_word' id='word_1_260' title='bbox 244 3231 335 3292; x_wconf 90' lang='lat' dir='ltr'><strong>sariis</strong></span> <span class='ocrx_word' id='word_1_261' title='bbox 358 3249 422 3292; x_wconf 89' lang='lat' dir='ltr'><strong>non</strong></span> <span class='ocrx_word' id='word_1_262' title='bbox 446 3231 625 3294; x_wconf 89' lang='lat' dir='ltr'><strong>lacessitum</strong></span> <span class='ocrx_word' id='word_1_263' title='bbox 650 3231 727 3293; x_wconf 87' lang='lat' dir='ltr'><strong>haec</strong></span> <span class='ocrx_word' id='word_1_264' title='bbox 750 3231 878 3292; x_wconf 84' lang='lat' dir='ltr'><strong>dixisse.</strong></span> <span class='ocrx_word' id='word_1_265' title='bbox 1369 3236 1371 3241; x_wconf 85' lang='lat'>&#39;</span> 
     </span>
    </p>

    <p class='ocr_par' dir='ltr' id='par_1_12' title="bbox 244 3316 1417 3583">
     <span class='ocr_line' id='line_1_34' title="bbox 333 3316 1417 3402; baseline -0.006 -20"><span class='ocrx_word' id='word_1_266' title='bbox 333 3319 394 3399; x_wconf 92' lang='grc' dir='ltr'>ΙΙΙ)</span> <span class='ocrx_word' id='word_1_267' title='bbox 417 3319 541 3383; x_wconf 79' lang='lat' dir='ltr'><strong>Tertius</strong></span> <span class='ocrx_word' id='word_1_268' title='bbox 569 3319 733 3402; x_wconf 90' lang='lat' dir='ltr'><strong>prologus,</strong></span> <span class='ocrx_word' id='word_1_269' title='bbox 767 3319 800 3380; x_wconf 90' lang='lat' dir='ltr'><strong>in</strong></span> <span class='ocrx_word' id='word_1_270' title='bbox 834 3338 899 3402; x_wconf 92' lang='lat' dir='ltr'><strong>quo</strong></span> <span class='ocrx_word' id='word_1_271' title='bbox 931 3321 989 3382; x_wconf 87' lang='lat' dir='ltr'><strong>bac</strong></span> <span class='ocrx_word' id='word_1_272' title='bbox 1020 3319 1058 3382; x_wconf 93' lang='lat' dir='ltr'><strong>de</strong></span> <span class='ocrx_word' id='word_1_273' title='bbox 1086 3337 1120 3380; x_wconf 89' lang='lat' dir='ltr'><strong>re</strong></span> <span class='ocrx_word' id='word_1_274' title='bbox 1148 3323 1238 3402; x_wconf 89' lang='lat' dir='ltr'><strong>poeta</strong></span> <span class='ocrx_word' id='word_1_275' title='bbox 1266 3316 1417 3400; x_wconf 89' lang='lat' dir='ltr'><strong>loquitur,</strong></span> 
     </span>
     <span class='ocr_line' id='line_1_35' title="bbox 245 3404 1416 3492; baseline -0.005 -20"><span class='ocrx_word' id='word_1_276' title='bbox 245 3427 339 3492; x_wconf 89' lang='lat' dir='ltr'><strong>quem</strong></span> <span class='ocrx_word' id='word_1_277' title='bbox 365 3410 470 3472; x_wconf 92' lang='lat' dir='ltr'><strong>locum</strong></span> <span class='ocrx_word' id='word_1_278' title='bbox 494 3409 643 3488; x_wconf 88' lang='lat' dir='ltr'><strong>obtineat,</strong></span> <span class='ocrx_word' id='word_1_279' title='bbox 668 3407 806 3471; x_wconf 86' lang='lat' dir='ltr'><strong>dubitari</strong></span> <span class='ocrx_word' id='word_1_280' title='bbox 829 3415 938 3492; x_wconf 87' lang='lat' dir='ltr'><strong>potest.</strong></span> <span class='ocrx_word' id='word_1_281' title='bbox 985 3407 1070 3470; x_wconf 90' lang='lat' dir='ltr'><strong>Dicit</strong></span> <span class='ocrx_word' id='word_1_282' title='bbox 1089 3408 1172 3470; x_wconf 92' lang='lat' dir='ltr'><strong>enim</strong></span> <span class='ocrx_word' id='word_1_283' title='bbox 1196 3411 1290 3491; x_wconf 91' lang='lat' dir='ltr'><strong>poeta</strong></span> <span class='ocrx_word' id='word_1_284' title='bbox 1314 3404 1416 3469; x_wconf 90' lang='lat' dir='ltr'><strong>solum</strong></span> 
     </span>
     <span class='ocr_line' id='line_1_36' title="bbox 244 3498 877 3583; baseline -0.002 -23"><span class='ocrx_word' id='word_1_285' title='bbox 244 3499 321 3561; x_wconf 89' lang='lat' dir='ltr'><strong>haec</strong></span> <span class='ocrx_word' id='word_1_286' title='bbox 344 3499 489 3583; x_wconf 84' lang='lat' dir='ltr'><strong>(Adelph.</strong></span> <span class='ocrx_word' id='word_1_287' title='bbox 512 3498 590 3583; x_wconf 87' lang='lat' dir='ltr'><strong>prol.</strong></span> <span class='ocrx_word' id='word_1_288' title='bbox 613 3517 664 3560; x_wconf 84' lang='lat' dir='ltr'><strong>vv.</strong></span> <span class='ocrx_word' id='word_1_289' title='bbox 689 3499 730 3560; x_wconf 87' lang='grc'><strong>22</strong></span> <span class='ocrx_word' id='word_1_290' title='bbox 756 3503 786 3561; x_wconf 88' lang='grc' dir='ltr'><strong>θῖ</strong></span> <span class='ocrx_word' id='word_1_291' title='bbox 811 3499 877 3577; x_wconf 86' lang='grc'>23);</span> 
     </span>
    </p>

    <p class='ocr_par' dir='ltr' id='par_1_13' title="bbox 247 3586 1418 3849">
     <span class='ocr_line' id='line_1_37' title="bbox 405 3586 1215 3672; baseline -0.005 -20"><span class='ocrx_word' id='word_1_292' title='bbox 405 3587 546 3671; x_wconf 90' lang='lat' dir='ltr'><strong>„Dehinc</strong></span> <span class='ocrx_word' id='word_1_293' title='bbox 569 3607 609 3652; x_wconf 93' lang='lat' dir='ltr'><strong>ne</strong></span> <span class='ocrx_word' id='word_1_294' title='bbox 633 3588 804 3672; x_wconf 84' lang='lat' dir='ltr'><strong>expectetis</strong></span> <span class='ocrx_word' id='word_1_295' title='bbox 828 3592 1051 3671; x_wconf 88' lang='lat' dir='ltr'><strong>argumentum</strong></span> <span class='ocrx_word' id='word_1_296' title='bbox 1075 3586 1215 3650; x_wconf 83' lang='lat' dir='ltr'><strong>fabulae:</strong></span> 
     </span>
     <span class='ocr_line' id='line_1_38' title="bbox 405 3677 1246 3763; baseline -0.005 -21"><span class='ocrx_word' id='word_1_297' title='bbox 405 3678 503 3742; x_wconf 84' lang='lat' dir='ltr'><strong>Senes</strong></span> <span class='ocrx_word' id='word_1_298' title='bbox 527 3679 583 3763; x_wconf 91' lang='lat' dir='ltr'><strong>qui</strong></span> <span class='ocrx_word' id='word_1_299' title='bbox 605 3679 707 3762; x_wconf 67' lang='lat' dir='ltr'><strong>primiv</strong></span> <span class='ocrx_word' id='word_1_300' title='bbox 723 3679 861 3759; x_wconf 88' lang='lat' dir='ltr'><strong>venient,</strong></span> <span class='ocrx_word' id='word_1_301' title='bbox 884 3680 913 3741; x_wconf 87' lang='lat' dir='ltr'><strong>ei</strong></span> <span class='ocrx_word' id='word_1_302' title='bbox 936 3683 1055 3761; x_wconf 88' lang='lat' dir='ltr'><strong>partem</strong></span> <span class='ocrx_word' id='word_1_303' title='bbox 1080 3677 1246 3759; x_wconf 80' lang='lat' dir='ltr'><strong>aperient.“</strong></span> 
     </span>
     <span class='ocr_line' id='line_1_39' title="bbox 247 3763 1418 3849; baseline -0.007 -17"><span class='ocrx_word' id='word_1_304' title='bbox 247 3765 404 3844; x_wconf 81' lang='lat' dir='ltr'><strong>Quidnam</strong></span> <span class='ocrx_word' id='word_1_305' title='bbox 429 3770 506 3832; x_wconf 90' lang='lat' dir='ltr'><strong>haec</strong></span> <span class='ocrx_word' id='word_1_306' title='bbox 529 3768 625 3833; x_wconf 86' lang='lat' dir='ltr'><strong>verba</strong></span> <span class='ocrx_word' id='word_1_307' title='bbox 648 3767 709 3832; x_wconf 89' lang='lat' dir='ltr'><strong>sibi</strong></span> <span class='ocrx_word' id='word_1_308' title='bbox 732 3764 865 3832; x_wconf 81' lang='lat' dir='ltr'><strong>volunt?</strong></span> <span class='ocrx_word' id='word_1_309' title='bbox 898 3765 1177 3848; x_wconf 62' lang='lat' dir='ltr'><strong>wilmannsiusu)</strong></span> <span class='ocrx_word' id='word_1_310' title='bbox 1201 3765 1340 3849; x_wconf 91' lang='lat' dir='ltr'><strong>quidem,</strong></span> <span class='ocrx_word' id='word_1_311' title='bbox 1365 3763 1418 3826; x_wconf 90' lang='lat' dir='ltr'><strong>cui</strong></span> 
     </span>
    </p>
   </div>
   <div class='ocr_carea' id='block_1_3' title="bbox 245 3944 1418 4300">
    <p class='ocr_par' dir='ltr' id='par_1_14' title="bbox 245 3944 1418 4300">
     <span class='ocr_line' id='line_1_40' title="bbox 335 3944 708 4082; baseline -0.027 -75"><span class='ocrx_word' id='word_1_312' title='bbox 335 3944 368 4082; x_wconf 43' lang='grc' dir='ltr'><strong>εἰς</strong></span> <span class='ocrx_word' id='word_1_313' title='bbox 387 3946 422 4070; x_wconf 53' lang='grc' dir='ltr'><strong>ἓξ</strong></span> <span class='ocrx_word' id='word_1_314' title='bbox 442 3945 570 4071; x_wconf 51' lang='grc' dir='ltr'>ἓξῐῖῐίξζΙΙ</span> <span class='ocrx_word' id='word_1_315' title='bbox 586 3947 669 4072; x_wconf 60' lang='lat' dir='ltr'><strong>papiri</strong></span> <span class='ocrx_word' id='word_1_316' title='bbox 687 3945 708 3998; x_wconf 91' lang='lat' dir='ltr'><strong>l.</strong></span> 
     </span>
     <span class='ocr_line' id='line_1_41' title="bbox 335 4033 1151 4169; baseline -0.025 -24"><span class='ocrx_word' id='word_1_317' title='bbox 335 4087 366 4156; x_wconf 80' lang='lat'><strong>⁰¹)</strong></span> <span class='ocrx_word' id='word_1_318' title='bbox 386 4058 422 4142; x_wconf 53' lang='lat' dir='ltr'><strong>cf:</strong></span> <span class='ocrx_word' id='word_1_319' title='bbox 440 4033 523 4158; x_wconf 60' lang='lat' dir='ltr'><strong>paritis</strong></span> <span class='ocrx_word' id='word_1_320' title='bbox 541 4034 568 4142; x_wconf 63' lang='grc' dir='ltr'>ΙΙ</span> <span class='ocrx_word' id='word_1_321' title='bbox 587 4033 667 4158; x_wconf 59' lang='lat' dir='ltr'><strong>capiat</strong></span> <span class='ocrx_word' id='word_1_322' title='bbox 686 4089 710 4169; x_wconf 66' lang='grc' dir='ltr'><strong>Ι.ι</strong></span> <span class='ocrx_word' id='word_1_323' title='bbox 749 4159 755 4169; x_wconf 37' lang='grc'>.</span> <span class='ocrx_word' id='word_1_324' title='bbox 818 4159 823 4168; x_wconf 37' lang='grc' dir='ltr'>Ι</span> <span class='ocrx_word' id='word_1_325' title='bbox 882 4158 887 4167; x_wconf 35' lang='grc' dir='ltr'>Ι</span> <span class='ocrx_word' id='word_1_326' title='bbox 1067 4158 1072 4167; x_wconf 27' lang='lat'>⁸</span> <span class='ocrx_word' id='word_1_327' title='bbox 1145 4157 1151 4167; x_wconf 90' lang='lat'><strong>.</strong></span> 
     </span>
     <span class='ocr_line' id='line_1_42' title="bbox 245 4156 1418 4300; baseline -0.013 -79"><span class='ocrx_word' id='word_1_328' title='bbox 245 4159 375 4300; x_wconf 64' lang='lat' dir='ltr'><strong>imprimis</strong></span> <span class='ocrx_word' id='word_1_329' title='bbox 386 4159 420 4300; x_wconf 42' lang='lat' dir='ltr'><strong>&lt;pe</strong></span> <span class='ocrx_word' id='word_1_330' title='bbox 438 4159 587 4286; x_wconf 58' lang='lat' dir='ltr'><strong>gildascaliis</strong></span> <span class='ocrx_word' id='word_1_331' title='bbox 605 4161 779 4214; x_wconf 79' lang='lat' dir='ltr'><strong>Terentrams</strong></span> <span class='ocrx_word' id='word_1_332' title='bbox 798 4158 860 4212; x_wconf 83' lang='lat' dir='ltr'><strong>diss.</strong></span> <span class='ocrx_word' id='word_1_333' title='bbox 880 4174 967 4227; x_wconf 81' lang='lat' dir='ltr'><strong>inaug.</strong></span> <span class='ocrx_word' id='word_1_334' title='bbox 985 4157 1167 4212; x_wconf 85' lang='lat' dir='ltr'><strong>Berolmensrs</strong></span> <span class='ocrx_word' id='word_1_335' title='bbox 1188 4156 1256 4211; x_wconf 86' lang='grc'>1864</span> <span class='ocrx_word' id='word_1_336' title='bbox 1274 4172 1299 4222; x_wconf 89' lang='lat' dir='ltr'><strong>p.</strong></span> <span class='ocrx_word' id='word_1_337' title='bbox 1314 4156 1418 4208; x_wconf 72' lang='lat'>47-51</span> 
     </span>
    </p>
   </div>
   <div class='ocr_carea' id='block_1_4' title="bbox 0 0 1649 5044">
    <p class='ocr_par' dir='ltr' id='par_1_15' title="bbox 0 0 1649 5044">
     <span class='ocr_line' id='line_1_43' title="bbox 0 0 1649 5044; baseline 0 0"><span class='ocrx_word' id='word_1_338' title='bbox 0 0 1649 5044; x_wconf 95' lang='lat' dir='ltr'><strong> </strong></span> 
     </span>
    </p>
   </div>
  </div>
 </body>
</html>
