3280 5048
698 255 931 366 .44...1

312 477 382 543 Tria
415 479 520 563 priora
551 483 737 563 argumenta
768 479 829 542 riri
861 479 945 544 docti
976 484 1180 564 sumpserunt
1211 498 1253 545 ex
1284 479 1394 565 primis

225 573 343 653 septem
366 568 521 650 versibus,
544 568 582 633 de
605 568 722 652 quibus
740 587 836 652 supra
855 567 905 650 (cf.
927 589 957 652 p.
978 569 997 632 9
1020 571 1078 652 sq.)
1097 574 1243 633 accurate
1261 570 1393 652 egimus,

225 657 280 721 ubi
299 657 515 726 intelleximus
534 657 612 721 nihil
631 657 717 720 aliud
733 675 775 720 ex
790 658 836 722 eis
852 656 934 722 effici
949 660 1021 738 nisi,
1040 664 1076 721 ut
1091 657 1231 722 Andriae
1245 657 1394 742 prologus
1411 719 1414 728 .

224 747 367 812 omnium
401 745 526 811 Terenti
553 746 754 830 prologorum
787 747 908 831 primus
936 748 984 811 sit.
1031 745 1120 823 Quae
1149 766 1224 810 oum
1251 749 1296 809 ita
1322 747 1394 828 sint,

223 842 351 919 apparet

315 925 342 989 1.
365 924 521 1010 pluralem
539 926 596 1006 „in
615 925 783 1008 prologis
802 924 1039 989 scribundis“
1063 927 1252 1008 generaliter
1275 925 1395 989 dictum

224 1031 302 1095 esse,
334 1033 398 1078 uon
429 1015 468 1077 de
499 1014 637 1099 prologis
669 1019 762 1078 antea
787 1015 1008 1097 pronuntiatis.
1055 1012 1266 1090 Quamobrem
1299 1013 1395 1096 illam,

225 1121 321 1184 quam
342 1102 486 1166 Theodcr
508 1101 704 1182 Benleiue¹²t
731 1101 839 1184 habet,
866 1104 1056 1167 sententiam
1083 1104 1311 1187 amplectimur,
1339 1104 1395 1187 qui

224 1197 331 1254 monet
354 1193 546 1275 plurativum
571 1209 740 1255 numerum
758 1191 797 1255 de
815 1190 909 1256 rebus
931 1192 1072 1256 molestis
1094 1198 1189 1276 atque
1212 1193 1343 1276 ingratis
1360 1193 1394 1254 in

226 1299 286 1343 usu
310 1280 427 1362 esseut
472 1279 543 1344 Hoc
575 1281 660 1344 enim
691 1280 767 1344 huic
798 1282 856 1344 toti
887 1282 1061 1346 sententiae
1093 1283 1209 1367 optime
1239 1282 1394 1346 convenit.

224 1367 388 1433 Terentius
415 1369 501 1433 enim
527 1369 673 1453 prologos
699 1368 829 1452 fabulis,
862 1389 941 1454 quas
968 1369 1109 1434 facturus
1140 1376 1235 1452 esset,
1267 1371 1395 1434 omuino

224 1475 287 1520 nou
307 1459 507 1543 praemittere
516 1459 576 1523 sibi
588 1465 800 1544 proposuerat,
818 1458 1079 1543 quamobremea‚
1097 1478 1179 1544 quae
1197 1460 1236 1524 ad
1255 1458 1395 1523 tabulam

223 1547 469 1632 intellegendam
492 1568 571 1632 opus
594 1554 682 1631 sunt,
710 1549 743 1611 iu
770 1550 881 1632 primis
908 1550 1049 1633 ipsarum
1071 1547 1251 1613 tabularum
1274 1549 1395 1612 scaenis

224 1639 401 1719 coenatu)
424 1638 805 1702 Adversariorumautem
817 1639 1046 1702 malevolorum
1062 1637 1394 1716 insimulationibus¹⁶t

224 1727 370 1810 prologos
402 1745 529 1811 quoque
552 1726 688 1791 scribere
711 1728 842 1810 cogitur.
888 1726 1013 1792 Invitus
1044 1728 1142 1812 igitur
1174 1734 1269 1812 atque
1300 1725 1396 1790 Lusci

225 1816 376 1878 conviciis
399 1821 526 1878 coactus
548 1815 712 1880 Terentius
730 1815 872 1880 Andriae
891 1815 1059 1900 prologum
1081 1817 1213 1901 scripsit.
1251 1815 1396 1899 Cumque

224 1903 386 1986 intellegat
408 1921 498 1987 spem
524 1922 558 1968 se
584 1903 732 1968 fefellisse
753 1905 1012 1989 adversariosque
1039 1904 1100 1968 sibi
1123 1905 1309 1970 maledicere
1331 1924 1395 1968 non

226 1991 381 2056 desituros
413 2011 494 2074 esse,
531 1998 654 2076 poetam
687 1994 780 2058 irasci
818 1996 889 2076 quis
923 1995 1079 2057 miratur?
1124 1994 1262 2059 Pluralis
1299 1995 1396 2078 igitur

225 2100 378 2146 numerus
401 2081 482 2168 nulli
506 2081 669 2147 offensioni
694 2089 755 2163 est,
784 2083 817 2146 id
841 2083 925 2167 quod
949 2102 989 2146 ne
1012 2084 1057 2146 eis
1080 2085 1210 2168 quidem
1233 2083 1396 2165 refutatur,

226 2189 307 2254 quoe
342 2169 523 2248 Karstenwt
560 2171 652 2236 dicit:
697 2173 873 2254 „neminem
910 2173 1123 2236 admissurum
1160 2191 1228 2237 esse
1260 2171 1396 2236 abusum

225 2260 355 2324 numeri
382 2261 526 2345 pluralis
551 2261 644 2325 istium
679 2261 778 2343 moui,
815 2267 852 2325 ut
889 2263 992 2326 omnis
1028 2261 1158 2326 tollatur
1191 2280 1395 2326 numerorum

161 2423 163 2428 ,
225 2349 416 2414 diversitas“
463 2349 628 2427 Quomodo
651 2350 801 2415 tollatur?
849 2348 928 2427 Quis
962 2351 1088 2415 tandem
1114 2352 1195 2415 dixit
1227 2370 1397 2414 numerum

225 2438 381 2523 pluralem
410 2440 558 2505 omnibus
590 2441 667 2504 locis
698 2460 755 2524 pro
785 2441 939 2523 singulari
971 2438 1096 2505 exstare
1122 2441 1237 2525 posse?
1277 2438 1397 2524 ¹Neque

225 2548 308 2612 vere,
332 2531 407 2612 quia
429 2529 492 2593 illis
514 2529 601 2610 locis
625 2549 704 2613 quos
728 2531 777 2592 vir
800 2530 910 2593 doctus
933 2529 1070 2612 offert‚¹⁷)
1094 2529 1263 2612 singularis
1287 2548 1396 2592 nume·

226 2637 281 2681 rus
310 2619 494 2702 „prologus‘
522 2627 626 2682 exstat
652 2619 749 2701 idque
772 2637 830 2682 suo
852 2619 935 2700 loco,
962 2619 1079 2682 idcirco
1103 2620 1273 2704 singularis
1296 2620 1397 2682 omui·

226 2706 286 2770 bus
308 2708 386 2770 locis
409 2707 574 2790 ponendus
598 2712 652 2770 est.
1174 2768 1179 2777 ,

315 2797 344 2859 2.
391 2793 475 2871 Quin
508 2814 549 2858 ne
582 2795 661 2859 illud
697 2797 825 2879 quidem
857 2797 986 2878 cogitari
1018 2802 1120 2880 potest
1152 2799 1251 2860 ullam
1272 2796 1397 2860 Terenti

225 2884 366 2948 tabulam
388 2890 461 2948 onte
485 2884 624 2948 Andriae
646 2887 811 2969 prologum
835 2893 935 2949 aotam
959 2905 1035 2950 esse.
1083 2885 1164 2950 Cum
1187 2889 1270 2950 enim
1296 2887 1397 2950 omni-

226 2994 282 3037 um
303 2974 483 3038 fabularum
507 2973 632 3056 Hecyra
655 2980 785 3058 excepta
808 2994 862 3039 eos
891 2976 1037 3060 prologos
1060 2975 1242 3058 habeamus,
1275 2977 1330 3059 qui
1356 2975 1396 3038 ad

225 3067 343 3147 primas
365 3064 480 3128 harum
501 3064 681 3129 tabularum
704 3066 843 3128 actiones
866 3070 1022 3149 spectant,
1053 3085 1190 3149 cumque
1221 3065 1254 3127 hi
1287 3083 1396 3128 omnes

225 3155 346 3237 prologi
357 3159 428 3238 post
447 3155 586 3218 Andriae
601 3153 765 3238 prologum
785 3156 948 3238 compositi
967 3155 1039 3236 sint,
1064 3157 1216 3238 sequitur,
1235 3162 1270 3217 ut
1288 3171 1397 3217 omues

226 3249 348 3306 ceterae
370 3243 495 3307 Terenti
517 3242 643 3306 fabulae
665 3248 736 3326 post
759 3263 827 3306 eam
854 3244 993 3307 Andriae
1026 3247 1195 3324 sotionem,
1227 3243 1267 3306 ad
1300 3262 1395 3327 quam

225 3332 374 3414 prologus
412 3334 560 3415 pertinet,
594 3338 680 3396 actae
713 3334 783 3395 siut
839 3332 888 3395 Ne
920 3332 1064 3414 Hecyrae
1101 3333 1230 3417 quidem
1263 3334 1395 3416 primam

226 3421 381 3485 actionem
415 3426 488 3484 ante
519 3421 600 3483 hano
630 3421 770 3484 Andriae
802 3423 956 3485 actionem
990 3422 1103 3486 factam
1136 3441 1204 3486 esse
1236 3419 1397 3506 probabile

225 3668 299 3722 aar.
316 3595 653 3734 'ultusultus
672 3597 1244 3735 comtemtores
1272 3597 1322 3721 ‘2⁰4⁰
1343 3600 1397 3650 ³¹¹·

317 3685 348 3808 P³)
366 3685 456 3794 Mbnus
474 3709 616 3808 probabilis
641 3685 869 3795 eszziatzlronis
886 3711 1040 3822 'sententia
1065 3741 1110 3809 qui
1136 3711 1212 3822 (diaes
1228 3685 1319 3822 ib'augs
1335 3756 1361 3807 p.
1380 3737 1396 3791 2

225 3828 251 3864 n.
273 3813 299 3880 1)
318 3810 448 3879 pluralem
467 3812 509 3878 ,ad
528 3810 735 3879 superlationem
755 3813 886 3881 quandam
899 3812 1020 3866 veritatis
1031 3828 1060 3864 m
1073 3827 1166 3881 quovis
1178 3812 1284 3865 dicendi
1297 3825 1397 3880 genere

226 3881 399 3936 tritissimam‘
418 3883 511 3937 refert.
533 3913 565 3922 -
585 3883 620 3937 oi.
639 3882 835 3938 Pseolrelmaun
853 3883 870 3937 l.
890 3883 907 3937 l.
926 3901 951 3951 p.
974 3883 1015 3936 12.

318 3953 348 4018 ¹⁴)
367 3954 402 4008 ct.
413 3969 494 4022 supra
502 3971 527 4022 p.
540 3955 573 4009 10
582 3955 642 4008 adu.
655 3955 696 4010 18.
715 3987 750 3997 -
772 3955 803 4023 ¹⁶)
814 3955 849 4009 of.
860 3955 932 4008 intra
943 3971 968 4022 p.
980 3956 1014 4009 53
1027 3969 1066 4022 sq.
1081 3956 1109 4008 et
1120 3957 1187 4023 part.
1198 3954 1226 4008 ll
1239 3970 1294 4023 cap.
1305 3955 1318 4008 l
1329 3954 1398 4008 extr.

317 4024 348 4093 ¹⁸)
367 4024 384 4078 l.
404 4040 425 4079 e.
444 4041 465 4078 s.
485 4042 510 4093 p.
532 4025 591 4080 187.
610 4057 644 4064 —
664 4026 764 4081 Contra
780 4025 838 4079 viro
857 4027 933 4080 docto
953 4027 1069 4080 concedo
1088 4042 1127 4092 ea,
1147 4041 1215 4095 quae
1228 4024 1358 4080 Benfeius
1372 4026 1399 4078 et

227 4096 257 4150 0.
282 4095 470 4166 Brugmaunue
494 4095 512 4150 l.
540 4111 561 4150 e.
590 4111 611 4150 s.
639 4100 781 4166 praeterea
806 4098 940 4162 attenuet,
967 4097 1034 4150 nihil
1060 4096 1159 4152 valere.
1191 4127 1224 4136 -
1253 4097 1288 4150 ot.
1318 4095 1398 4150 etiam

226 4167 596 4308 Fr.Se¹u)0011}eall.stus.psr.⁰Lvu
618 4242 658 4294 ll.
680 4270 711 4278 —
732 4239 798 4293 Heo.
818 4257 843 4294 ν.
864 4242 905 4294 11.
926 4271 959 4280 -
978 4240 1085 4294 Phorm.
1104 4257 1130 4294 v.
1152 4241 1193 4294 13.
1212 4255 1252 4308 sq.
