3280 5048
696 312 916 379 ..53-

380 494 493 580 „Nunc
516 495 544 558 si
567 494 639 579 quis
663 499 720 577 est,
742 493 798 580 qui
821 493 881 558 boc
904 492 987 558 dicat
1009 495 1065 558 ant
1087 492 1133 558 sie
1154 492 1283 577 cogitm:

380 583 492 666 ,Vetus
516 585 543 648 si
565 588 657 668 poeta
679 603 744 648 non
766 581 944 648 lacessisset
964 583 1060 667 prior,

380 674 513 740 Nullum
536 675 680 740 invenire
701 672 868 757 prologum
889 676 996 757 posset
1016 690 1126 755 novos,

275 825 278 834 Α
380 763 481 840 Quem
506 763 632 845 diceret,
654 763 716 826 nisi
739 762 868 826 baberet
889 762 941 824 cni
964 760 1047 825 male
1070 761 1208 825 diceret:

380 853 413 918 Is
436 851 496 919 sibi
511 871 705 935 responsum
728 851 788 916 boc
811 850 941 916 habeat‘
965 869 1011 934 sq.

221 941 274 1006 Ex
297 942 413 1026 quibas
436 941 542 1006 verbis
560 945 687 1026 apparet
705 944 844 1004 veterem
862 943 996 1023 poetam,
1018 939 1142 1004 etiamsi
1159 940 1192 1020 in
1211 937 1392 1006 Terentium

220 1051 285 1095 non
312 1033 457 1096 invectas
485 1035 579 1112 esset,
610 1036 714 1094 umen
743 1030 909 1113 prologum
936 1030 1111 1110 invenisse,
1144 1047 1238 1112 quem
1267 1028 1391 1092 diceret.

221 1118 305 1196 Quid
323 1121 420 1204 igitur
439 1121 513 1185 inde
529 1118 724 1184 efficiemus?
759 1118 828 1184 Aut
841 1117 1015 1182 adversarii
1029 1137 1123 1200 aegre
1138 1119 1289 1199 tulerunt,
1307 1119 1392 1202 qued

219 1207 384 1274 Terentius
406 1211 443 1274 in
465 1210 605 1294 prologis
623 1209 690 1273 suis
709 1209 838 1272 omnino
857 1207 896 1272 de
915 1225 1024 1272 eorum
1043 1208 1128 1270 vitiis
1147 1206 1245 1272 verba
1261 1206 1390 1287 fecerat3

220 1299 365 1384 sequitur
387 1318 472 1383 ergo,
494 1303 531 1363 ut
553 1299 576 1362 ii
599 1298 660 1382 ipsi
683 1296 759 1360 talia
780 1298 814 1358 in
837 1296 977 1380 prologis
998 1297 1066 1362 suis
1089 1297 1218 1360 omnino
1238 1315 1302 1360 non
1320 1315 1392 1380 pro

220 1389 361 1471 tulerint,
391 1394 429 1453 ut
452 1387 615 1468 dicineo,
642 1405 707 1450 non
730 1387 765 1450 in
788 1387 935 1469 prologis,
968 1390 1000 1452 et
1021 1385 1201 1449 Terentium
1224 1388 1393 1469 repreben-

221 1477 325 1541 derint
347 1483 378 1541 et
400 1497 434 1541 se
453 1477 684 1557 defenderint⁵t
730 1475 799 1540 Aut
822 1475 986 1559 conquesti
1009 1479 1095 1556 sunt,
1121 1475 1206 1558 quod
1228 1473 1392 1538 Terentius

220 1565 366 1648 prologos
398 1565 438 1628 ob
471 1585 541 1629 eam
573 1565 671 1630 solam
702 1583 829 1628 causam
859 1563 1021 1644 scriberet,
1053 1571 1088 1628 ut
1115 1569 1171 1627 aut
1197 1564 1392 1628 adversarios

221 1653 358 1718 laederet
374 1659 430 1718 ant
445 1673 479 1719 se
495 1654 684 1736 defenderet,
699 1654 755 1719 aed
771 1658 994 1737 argumentum
1005 1650 1131 1718 fabulae
1143 1671 1205 1717 non
1216 1659 1390 1733 enarraret3

222 1743 367 1827 sequitur
395 1762 484 1826 ergo,
515 1749 552 1807 ut
583 1743 629 1806 illi
661 1762 736 1806 suos
767 1743 913 1826 prologos
941 1761 1007 1806 non
1035 1741 1111 1806 solis
1138 1741 1392 1806 contentionibus

220 1831 394 1917 litibusque
403 1833 639 1917 compleverint,
657 1831 711 1896 sed
727 1831 807 1896 alias
827 1850 954 1916 quoque
971 1850 1023 1895 res
1038 1831 1235 1916 protulerint.
1259 1829 1391 1895 Utrum-

222 1940 285 2004 que
312 1922 373 1986 boo
400 1941 442 1986 ex
463 1920 533 1985 loco
556 1921 702 1986 concludi
724 1939 817 2004 posse
840 1922 898 1988 etsi
921 1920 1073 2002 concedo,
1099 1925 1203 1984 tamen
1227 1920 1285 1983 vix
1306 1921 1392 1984 credi

219 2017 326 2094 potest
343 2011 540 2076 adversarios
567 2010 641 2086 licet
667 2007 757 2074 initio
780 2008 925 2075 Terentio
949 2012 983 2073 in
1006 2008 1205 2075 sermonibus
1227 2008 1393 2073 cotidianis

223 2099 476 2179 obtrectaverint,
494 2119 566 2170 cum
586 2099 671 2165 bunc
689 2098 750 2162 sibi
769 2099 1010 2183 coram-populo
1028 2097 1217 2182 respondere
1232 2098 1393 2180 vidissent,

222 2189 334 2253 eodem
361 2207 477 2270 genere
503 2189 683 2252 certaminis
708 2186 907 2253 abstinuisse.
954 2186 1167 2263 Quamobrem
1190 2186 1394 2251 statuendum

221 2296 290 2342 esse
313 2277 449 2341 arbitror
471 2277 667 2341 adversarios
689 2277 827 2360 prologis
851 2295 925 2342 nsos
948 2295 1016 2342 esse
1039 2283 1070 2340 et
1092 2277 1132 2340 ad
1154 2275 1279 2341 fabulae
1299 2296 1392 2361 argu·

221 2372 363 2432 mentum
393 2366 604 2430 enarrandum
633 2370 664 2430 et
686 2365 726 2428 ad
748 2363 929 2430 Terentium
952 2364 1143 2432 laedendum
1165 2383 1263 2449 seque
1287 2365 1392 2429 deien-

222 2456 348 2520 dendos.
384 2453 454 2519 Hoc
476 2454 545 2519 fieri
567 2455 707 2538 potuisse
731 2472 772 2517 ex
790 2453 1007 2538 Adelphorum
1032 2454 1161 2538 prologo
1184 2455 1259 2518 satis
1278 2455 1392 2537 elucet,

220 2547 335 2609 etenim
358 2544 524 2610 Terentius
546 2544 602 2608 illa
624 2540 720 2608 verba
742 2544 784 2625 (v.
804 2540 874 2627 22):
968 2549 972 2555 ’

378 2630 519 2717 „Dehinc
541 2652 582 2696 ne
605 2633 776 2716 expectetis
799 2638 1021 2716 argumentum
1044 2632 1187 2696 fabulae“
1432 2685 1435 2690 .

221 2729 289 2787 tum
307 2724 397 2806 dixit,
416 2728 582 2806 postquam
602 2721 666 2785 duo
685 2722 818 2786 crimina
834 2721 1014 2788 luculenter
1027 2722 1211 2806 refutavit0)
1245 2721 1283 2788 ld
1294 2723 1392 2806 igitur

220 2811 323 2875 solum
352 2812 476 2876 differre
497 2812 627 2876 ridetur
651 2812 735 2876 inter
756 2810 881 2877 Terenti
909 2817 939 2875 et
962 2811 1213 2876 adversariorum
1235 2811 1391 2896 prologos,

219 2906 256 2962 ut
282 2899 445 2964 Terentius
476 2899 623 2984 prologos
655 2900 755 2966 solam
786 2900 827 2964 ob
859 2920 928 2966 eam
956 2919 1024 2964 rem
1052 2902 1224 2985 scripserit,
1259 2907 1293 2964 ut
1319 2902 1390 2966 illos

186 2987 187 2992 ’
220 2987 359 3051 laederet
381 3007 478 3071 seque
500 2990 681 3076 defenderet
704 2988 752 3068 (cf.
774 2990 874 3054 Andr.
897 2989 975 3074 prol.
998 3009 1049 3054 vv.
1071 2989 1177 3073 1-7),
1204 2995 1313 3054 contra
1336 2991 1390 3054 ad-

221 3076 350 3140 versarii
373 3083 532 3160 praeterea
554 3083 776 3162 argumentum
798 3077 925 3142 fabulae
946 3079 1169 3142 enarraverint

310 3163 414 3228 Multo
434 3165 593 3232 difficilius
611 3173 658 3232 est
677 3167 858 3250 diiudicare,
881 3167 1039 3251 quomodo
1058 3167 1229 3230 adversarii
1247 3166 1391 3232 Terentio

221 3255 349 3338 singula
367 3256 500 3319 crimina
518 3256 785 3341 exprobraverint.
820 3254 909 3332 Quae
926 3257 959 3319 in
980 3257 1043 3320 duo
1061 3275 1177 3339 genera
1196 3257 1390 3322 dividuntur.

219 3343 345 3408 Etenim
373 3345 495 3410 autad
524 3346 666 3429 singulas
688 3343 812 3409 Terenti
839 3344 962 3410 fabulas
990 3347 1144 3429 quasdam
1171 3351 1312 3430 spectant
1334 3356 1390 3411 aut

220 3433 253 3495 in
281 3436 467 3498 universum
497 3435 579 3498 dicta
602 3441 677 3498 sunt
699 3434 920 3519 pertinentque
943 3433 983 3500 ad
1006 3435 1183 3519 complures
1206 3435 1257 3500 vel
1280 3455 1389 3501 omnes

219 3520 344 3588 Terenti
365 3523 490 3588 fabulas
509 3525 559 3588 vel
578 3524 618 3587 ad
637 3525 705 3589 eius
726 3526 905 3590 universam
923 3524 1046 3588 fabulas
1064 3525 1273 3608 componendi
1290 3531 1390 3589 artem

305 3751 326 3821 ¹)
344 3751 387 3806 Ita
404 3750 522 3806 indicare
534 3753 643 3808 videtur
654 3751 735 3807 Tabia
745 3751 764 3805 l.
777 3767 798 3806 s.
812 3768 833 3806 s.
847 3770 873 3821 p.
889 3753 958 3808 101:
978 3751 1179 3819 „L’adversaire
1199 3753 1227 3806 et
1245 3767 1288 3806 ses
1304 3753 1387 3821 parti·

215 3837 277 3876 sans
296 3822 444 3878 formident
461 3822 535 3878 leurs
554 3824 681 3893 critiques
699 3825 733 3878 de
752 3823 812 3878 leur
829 3840 926 3894 propre
946 3824 1048 3877 bonche
1061 3824 1128 3877 dans
1139 3823 1180 3877 les
1193 3824 1342 3878 entretiens
1352 3825 1387 3879 de

214 3892 241 3948 la
266 3893 310 3948 vie
338 3894 518 3964 qnotidienne.
555 3893 682 3965 Terence,
709 3912 743 3950 au
770 3894 825 3950 lieu
852 3895 885 3949 de
909 3895 1024 3965 ripcster
1046 3895 1079 3948 de
1102 3894 1130 3948 la
1151 3893 1238 3950 meme
1262 3896 1349 3964 sapon,
1372 3912 1389 3950 a

214 3963 292 4019 l’idee
311 3963 367 4020 tres
385 3965 520 4022 henreuse
538 3967 572 4020 de
591 3967 695 4021 donner
711 3968 782 4021 asos
795 3964 922 4037 repenses
935 3983 989 4022 une
1003 3965 1063 4020 bien
1077 3965 1137 4036 plns
1148 3967 1248 4035 grande
1261 3966 1387 4038 publicitb

214 4052 248 4162 ep
266 4034 424 4161 Ιοεῖἓιέὶεαηὶ
441 4038 584 4106 presentet
601 4053 651 4105 par
661 4037 790 4108 Prologus
802 4037 839 4092 dn
850 4037 917 4092 haut
934 4038 968 4092 de
986 4037 1013 4091 la
1031 4035 1139 4093 sobrie!t
1164 4039 1199 4092 of.
1212 4037 1247 4094 id.
1261 4055 1286 4108 p.
1299 4039 1335 4094 30
1347 4055 1386 4109 sq.

214 4123 229 4162 e
259 4125 286 4176 p.
361 4149 367 4162 .

303 4178 378 4246 ἢεί
398 4179 478 4234 etiam
496 4179 633 4249 prologum
653 4180 796 4246 Graecum,
825 4197 904 4248 quem
924 4179 1018 4234 Kaibel
1047 4179 1074 4249 (l.
1094 4197 1115 4232 s.
1135 4185 1168 4248 s.)
1196 4181 1293 4250 publici
1320 4181 1386 4236 iuris

212 4249 290 4313 fecit;
310 4251 386 4304 cuins
405 4250 498 4303 similis
517 4255 559 4304 est
577 4251 688 4305 Casinas
706 4251 845 4305 Plautinae
864 4251 994 4320 prologus.
