3280 5048
668 349 798 437 ...67
847 387 887 397 -

350 529 406 613 „Id
428 531 474 594 ita
496 547 565 593 esse
589 548 645 592 vos
668 531 730 592 iam
754 529 896 593 iudicare
918 529 1085 612 poteritis“.

191 619 260 684 Hoc
284 638 348 701 quo
363 621 480 683 rectius
497 619 544 682 illi
562 619 663 682 facere
681 619 812 703 possint,
835 619 912 702 qnid
931 623 998 702 ipse
1015 619 1132 698 iecerit,
1156 619 1215 682 hoc
1234 637 1364 702 quoque

195 710 263 772 loco
286 714 432 772 accurate
455 708 586 793 exponit
606 708 656 770 his
678 707 797 771 verbis:
1011 768 1020 786 ,

351 797 468 880 „Colax
492 795 698 860 Menandrist:
721 798 755 859 in
779 800 846 861 east
868 797 1023 880 parasitus
1047 798 1141 862 colax

242 907 245 913 ’
351 886 393 950 Et
414 887 505 950 miles
527 886 697 970 gloriosus:
722 905 775 950 eas
798 905 832 950 se
854 905 919 950 non
943 890 1038 970 negat

351 976 508 1041 Personas
531 977 729 1040 transtulisse
751 977 785 1038 in
808 974 1002 1041 Eunuchum
1025 995 1116 1040 suam

352 1065 404 1128 llx
427 1065 560 1144 Graeca3
586 1065 641 1129 sed
664 1083 717 1128 cas
739 1061 866 1129 fabular
887 1065 985 1129 factas
1000 1067 1096 1149 prius
1122 1103 1124 1108 .

277 1218 278 1222 ,
353 1154 481 1218 Latinas
505 1155 601 1218 scisse
623 1173 702 1236 sese,
724 1154 757 1216 id
779 1172 855 1218 vero
878 1155 1053 1238 pernegat‘.

281 1242 342 1308 Vel
370 1263 410 1308 ex
438 1245 487 1306 his
511 1243 656 1306 versibus
683 1244 835 1327 consequi
863 1243 941 1307 mihi
963 1244 1090 1307 videtur
1112 1249 1302 1327 spectatores
1325 1245 1364 1308 ad

192 1334 224 1396 id
247 1339 387 1417 tempus
405 1334 481 1416 quid
502 1331 634 1396 Luscius
660 1331 805 1396 Terentio
824 1332 997 1411 obiecisset,
1019 1335 1204 1397 nescivisse:
1227 1334 1261 1397 id
1280 1334 1365 1417 quod

193 1441 230 1486 co
249 1424 434 1507 explicatur,
453 1423 537 1505 quod
557 1420 692 1486 Luscius
711 1422 750 1485 de
768 1420 917 1485 Eunuchi
935 1422 1021 1485 vitiis
1040 1422 1107 1485 sola
1125 1423 1157 1484 in
1174 1423 1229 1487 illa
1244 1426 1367 1487 actione

193 1512 274 1574 iacta
298 1531 403 1574 coram
425 1511 670 1593 magistratibus,
693 1530 776 1594 quae
797 1512 932 1594 primam
954 1510 1080 1576 fabulae
1102 1513 1259 1576 actionem
1279 1516 1366 1577 ante-

195 1600 301 1680 cessit,
332 1599 429 1663 verba
459 1600 588 1680 fecerat,
619 1619 684 1664 non
716 1602 750 1663 in
783 1601 912 1684 prologo
944 1599 1078 1664 alicuius
1105 1598 1232 1666 fabulae
1261 1620 1366 1667 coram

195 1687 429 1772 spectatoribus.

284 1777 344 1842 His
367 1796 438 1840 cum
464 1778 540 1841 locis
559 1777 701 1842 conferas
716 1778 817 1842 Andr.
835 1779 913 1861 prol.
933 1798 963 1842 v.
983 1780 1002 1841 8
1022 1798 1091 1863 sqq.
1119 1778 1236 1863 Incipit
1252 1778 1367 1844 Peren-

195 1868 275 1930 tius:
304 1865 424 1948 „Nunq
455 1884 552 1949 quam
578 1885 646 1930 rem
668 1868 745 1930 vitio
769 1867 853 1949 dent,
876 1886 994 1951 quaeso
1017 1869 1160 1932 animum
1182 1869 1367 1933 adtendite“.

196 1954 247 2018 Ex
271 1974 334 2039 quo
357 1957 426 2019 loco
453 1974 601 2040 apparere
630 1957 708 2019 mihi
731 1956 856 2021 videtur
884 1976 948 2020 non
974 1957 1078 2020 solum
1100 1962 1224 2041 poetam
1247 1958 1306 2021 hac
1329 1959 1368 2021 de

195 2045 445 2109 adversariorum
470 2046 689 2110 criminatione
707 2046 747 2109 ad
765 2046 845 2111 illud
864 2051 989 2130 tempus
1007 2045 1106 2110 verba
1124 2066 1187 2110 non
1206 2047 1367 2130 fecissen)

195 2132 250 2195 sed
278 2135 373 2196 etiam
399 2139 589 2216 spectatores
616 2135 712 2199 huius
740 2137 786 2198 rei
813 2136 909 2220 plane
937 2137 1063 2218 ignaros
1091 2135 1198 2200 tuisse.
1246 2134 1369 2202 Deinde

196 2223 254 2285 hcc
277 2240 405 2305 quoque
427 2222 496 2287 loco
520 2223 597 2307 quid
619 2223 737 2304 fecerit,
759 2229 852 2307 poeta
874 2230 1018 2288 accurate
1042 2227 1185 2307 exponit:

241 2314 280 2391 (v.
296 2308 326 2395 9)
352 2309 543 2393 „Menander
564 2311 638 2375 fecit
661 2312 816 2375 Andriam
839 2319 871 2376 et
893 2312 1088 2376 Perinthiam
1111 2332 1158 2396 sq.

206 2399 261 2483 ,(v.
276 2399 329 2479 13)
353 2396 441 2473 Quae
465 2417 641 2485 convenere
663 2401 696 2463 in
721 2401 875 2463 Andriam
899 2419 941 2464 ex
963 2400 1126 2465 Perinthia

356 2486 486 2556 Fatetur
507 2487 707 2552 transtulisse
729 2494 824 2572 atque
846 2509 943 2554 usum
964 2508 1021 2572 pro
1044 2491 1137 2554 suis.“

284 2575 366 2640 Tum
401 2578 546 2660 sequitur
581 2578 622 2660 (v.
653 2578 721 2658 ibt:
757 2577 814 2658 „Id
849 2580 902 2642 isti
936 2580 1117 2662 vituperant
1148 2579 1283 2645 factum“
1323 2600 1369 2666 sq.

196 2664 343 2750 Denique
370 2672 559 2750 spectatores
586 2686 698 2732 rursus
725 2669 847 2732 iudices
873 2668 948 2732 iacit
973 2687 1003 2732 v.
1028 2669 1071 2730 24
1093 2687 1154 2752 sq:

623 2757 630 2770 '
932 2758 937 2772 ¹
957 2758 974 2791 ii

286 2753 453 2907 Similffl
476 2762 689 2928 iffiffiroffddb
697 2756 1246 2931 IPterlgblblilrfficib?sAnedricbeSprologo
1270 2851 1371 2914 utitur

199 2937 294 3016 atque
318 2934 350 2995 in
376 2932 543 3015 Adelphon
567 2939 598 2997 et
620 2934 769 2999 Eunuchi
801 2937 947 3019 prologis.
993 2933 1137 3010 Quorum
1160 2955 1202 3000 ex
1236 2946 1371 3023 utroque

197 3041 269 3085 cum
303 3021 508 3084 manifestum
542 3041 610 3086 esse
647 3023 898 3088 intellexerimus
930 3031 1120 3106 spectatores
1156 3044 1260 3109 neque
1293 3029 1370 3090 vitia

197 3109 322 3174 fabulae
357 3129 461 3193 neque
487 3110 747 3176 adversariorum
781 3114 900 3175 crimen
933 3120 1024 3176 antea
1058 3115 1258 3197 cognovisse,
1295 3135 1369 3179 con·

198 3199 346 3263 cluserim
368 3205 571 3282 spectatores,
593 3206 677 3264 certe
699 3203 870 3264 maximam
898 3205 1033 3285 partem,
1065 3219 1106 3264 ne
1135 3208 1207 3267 ante
1229 3205 1370 3268 Andriae

199 3288 327 3372 quidem
349 3288 474 3352 fabulae
497 3290 653 3353 actionem
676 3291 806 3354 scivisse
834 3290 913 3354 illud
936 3290 1055 3353 crimen
1078 3289 1223 3358 Terentio
1246 3294 1371 3357 illatum

199 3395 275 3440 essa
320 3376 389 3441 Hoc
412 3381 438 3441 si
462 3379 506 3441 ita
529 3382 584 3460 est,
607 3380 760 3462 sequitur,
784 3386 819 3443 ut
838 3380 1009 3444 adversarii
1027 3379 1087 3441 hoc
1106 3398 1234 3466 quoque
1249 3385 1370 3448 crimen

197 3463 341 3530 Terentio
365 3485 427 3530 non
452 3468 556 3551 palam
580 3468 840 3552 exprobraverint
862 3471 896 3532 in
920 3469 1058 3552 prologis
1081 3471 1161 3552 suis,
1194 3472 1249 3536 sed
1283 3472 1371 3538 verbi

198 3574 293 3618 causa
316 3557 348 3618 in
373 3557 571 3621 sermonibus
594 3555 808 3646 cotidianisll)

289 3645 317 3708 3.
342 3642 452 3708 Cetera
469 3647 602 3709 crimina
621 3647 747 3730 singula
758 3666 905 3730 quonam
925 3647 1017 3712 modo
1035 3649 1209 3713 adversarii
1226 3649 1371 3714 Terentio

197 3732 466 3816 exprobraverint,
491 3734 663 3799 diiudicare
686 3755 750 3799 non
770 3755 946 3819 possumus.
984 3735 1114 3822 Semper
1136 3744 1240 3801 autam
1265 3740 1371 3802 animo

199 3823 371 3885 tenendum
404 3827 451 3884 est
482 3841 548 3885 non
572 3824 838 3907 adversariorum,
869 3827 925 3888 sed
957 3826 1041 3890 solos
1072 3826 1196 3890 Terenti
1227 3829 1372 3911 prologos

197 3913 367 3974 memoriae
391 3910 521 3974 traditos
545 3929 626 3993 esse,
659 3914 841 3998 exquibus
869 3915 932 3978 duo
960 3920 1098 3996 tantum,
1132 3935 1213 4000 quae
1241 3917 1281 3980 ad
1304 3919 1373 3981 eius

291 4068 321 4131 ¹¹)
340 4067 481 4121 Dziatzlvc:
500 4067 563 4122 diss.
582 4067 669 4138 inaug.
689 4087 714 4139 p.
733 4070 750 4123 2
769 4072 829 4125 adn.
850 4073 873 4124 l.

289 4137 321 4207 ¹¹)
340 4139 375 4192 cf.
404 4141 493 4206 autem
518 4141 551 4192 A.
580 4138 707 4210 Spengel:
736 4143 818 4196 Andr.
838 4142 879 4197 ed.
900 4141 997 4211 (Berol.
1018 4142 1106 4211 1875),
1134 4146 1219 4214 praei.
1237 4163 1263 4214 p.
1282 4145 1318 4200 X.
1339 4176 1372 4185 -

198 4209 326 4351 gpqqnqq
342 4209 528 4350 pqcsqnpxime
547 4213 674 4265 convenit
692 4227 753 4266 cnm
771 4213 888 4268 Andriae
906 4213 1040 4268 secundae
1059 4215 1170 4269 achonis
1189 4217 1309 4286 tempore
1326 4218 1372 4286 (ci.

1160 4375 1191 4430 5*
