3280 5048
776 329 998 393 ,36-

387 508 412 574 l.
435 507 616 573 Terentium
634 512 758 592 poetam
775 508 916 572 modeste
935 513 1031 592 atque
1049 509 1184 573 demisse
1202 510 1235 571 in
1254 507 1475 592 Adelphorum
1548 559 1549 564 .

299 598 427 682 prologo
458 597 547 682 loqui
580 599 638 661 viri
672 598 795 678 docti⁷⁷t
825 599 988 680 dixerunt,
1020 597 1225 682 quamobrem
1253 597 1390 681 Adelphi
1417 603 1474 662 aut

298 689 427 752 omnino
455 688 488 750 in
515 687 626 771 primis
653 685 769 750 tabulis
797 692 879 751 esset
906 693 961 750 aut
988 688 1140 752 continuo
1162 692 1233 772 post
1255 685 1401 768 Hecyrae
1417 706 1473 751 se-

298 777 434 840 cundam
459 778 614 840 actionem
637 784 713 840 acta.
747 777 793 839 nt
814 775 932 840 talibus
952 777 1147 860 argumentis
1166 775 1245 840 nihil
1264 775 1473 840 demonstrari

295 884 389 949 posse
407 885 449 929 ex
475 867 529 948 eis,
552 884 635 949 quae
656 885 752 949 supra
775 868 814 949 (p.
826 865 868 928 23
879 866 938 949 sq.)
961 868 1105 951 exposui,
1128 870 1263 951 apparet.
1299 865 1370 930 Viri
1389 866 1473 930 docti

297 955 382 1019 enim
414 955 461 1036 id,
494 955 579 1038 quod
607 956 743 1038 quisque
771 955 887 1036 voluit,
918 954 979 1018 sibi
1006 956 1180 1039 sumpsisse
1206 955 1285 1018 mihi
1313 955 1472 1018 videntur.

297 1043 464 1108 Praeterea
488 1043 626 1126 Fabia⁷⁸)
649 1045 821 1108 rectissime
844 1044 920 1108 dicit
937 1045 1023 1108 hunc
1041 1046 1208 1128 prologum
1225 1064 1245 1107 a
1263 1045 1375 1108 ceteris
1394 1039 1471 1132 (He-

297 1151 391 1215 cyrae
414 1132 539 1197 duobus
560 1134 699 1216 prologis
722 1133 875 1217 exceptis)
899 1151 936 1197 eo
954 1138 1079 1197 tantum
1098 1133 1231 1214 differre,
1255 1133 1340 1217 quod
1357 1132 1470 1198 Teren·

297 1222 361 1284 tius
380 1221 420 1284 ab
438 1222 626 1286 adversariis
643 1221 809 1286 lacessitus
825 1240 859 1286 se
874 1222 1022 1303 defendit,
1041 1241 1105 1287 non
1122 1224 1154 1286 in
1171 1223 1242 1286 illos
1256 1223 1469 1306 invehiturllj

299 1308 369 1374 Hoc
387 1317 519 1396 excepto
533 1309 698 1375 Terentius
717 1312 776 1374 hoo
794 1312 827 1373 in
847 1312 976 1396 prologo
996 1311 1190 1378 confidenter
1208 1316 1304 1395 atque
1322 1313 1472 1377 audacter

194 1417 196 1423 ⁴
297 1400 385 1484 loqui
412 1400 490 1463 mihi
517 1401 691 1482 ridetur.⁸⁰)
739 1400 882 1465 Primum
910 1403 994 1465 enim
1016 1399 1181 1465 Terentius
1208 1421 1273 1464 non
1301 1408 1472 1486 exspectat,

297 1489 374 1552 dum
397 1490 568 1554 adversarii
588 1489 648 1553 sibi
667 1492 783 1554 iterum
800 1489 921 1554 furtum
940 1490 1138 1576 exprobrent,
1162 1491 1216 1554 ssd
1236 1509 1271 1555 se
1290 1509 1331 1554 ex
1350 1489 1470 1576 Diphili

298 1576 582 1643 commorientibus
610 1598 756 1643 scaenam
785 1580 946 1664 quandam
971 1583 1144 1664 sumpsisse
1166 1580 1250 1644 ultro
1275 1581 1351 1644 dicit
1372 1583 1470 1665 respi-

296 1667 383 1731 ciens
406 1688 451 1749 ea,
475 1687 557 1752 quae
580 1676 652 1732 ante
675 1667 823 1732 Eunuchi
848 1670 1004 1733 actionem
1027 1675 1204 1733 evenerant.
1240 1668 1310 1733 Hoc
1333 1670 1470 1754 audacis,

296 1776 358 1820 non
383 1757 515 1821 modesti
539 1763 649 1840 poetae
672 1776 741 1821 esse
762 1764 848 1842 puto.
895 1756 1018 1822 Deinde
1040 1759 1308 1840 criminationem,
1333 1779 1396 1843 qua
1418 1763 1470 1824 usi

297 1845 468 1909 adversarii
486 1845 668 1909 Terentium
691 1847 822 1910 adsidue
846 1846 886 1910 ab
909 1849 1019 1912 amicis
1042 1848 1178 1912 adiutori
1201 1847 1357 1929 dixerant,
1378 1854 1468 1933 poeta

295 1935 385 1997 reicit
416 1953 494 2015 non,
525 1939 562 1998 ut
592 1935 635 1997 in¹
659 1933 1010 2000 Heautontimorumeni
1037 1938 1180 2020 prologo,
1212 1937 1251 2000 ad
1280 1943 1466 2021 spectatores

295 2022 450 2086 iudicium
473 2023 630 2105 deferens,
659 2025 713 2088 sed
737 2044 832 2088 suum
855 2025 914 2088 hac
938 2025 976 2089 de
999 2045 1033 2089 re
1055 2027 1209 2090 iudicium
1232 2027 1405 2111 proferens,
1431 2032 1468 2090 ut

295 2111 388 2195 idem,
412 2113 496 2197 quod
520 2113 568 2176 illi
590 2112 651 2176 sibi
674 2114 751 2177 vitio
774 2113 953 2196 tribuerint,
976 2134 1010 2179 se
1027 2117 1133 2199 ipsum
1151 2118 1323 2180 maximam
1341 2116 1470 2180 laudem

297 2200 411 2264 ducere
438 2200 630 2286 profiteatur.
676 2200 822 2288 Denique
849 2205 882 2266 in
911 2224 961 2265 vv.
985 2206 1118 2268 22-23
1144 2206 1235 2288 quasi
1256 2223 1312 2288 per
1333 2205 1470 2270 ironiam

295 2290 421 2374 indicat,
451 2291 537 2375 quod
561 2291 728 2356 discrimen
752 2295 793 2356 sit
815 2293 897 2356 inter
920 2313 1016 2358 suum
1039 2299 1071 2357 et
1092 2294 1344 2358 adversariorum
1366 2311 1470 2377 genus

295 2379 498 2463 prologorum
514 2378 761 2457 scribendorum,
777 2383 873 2446 simul
889 2386 919 2446 11
936 2389 1044 2447 monet
1060 2383 1099 2446 de
1114 2382 1316 2446 Phormionis
1332 2382 1470 2467 prologo.

294 2467 343 2532 Ne
366 2469 426 2532 hoc
449 2470 578 2554 quidem
602 2491 620 2534 a
641 2477 733 2555 poeta
755 2471 897 2535 modesto
921 2473 982 2535 dici
1001 2473 1080 2535 mihi
1098 2472 1231 2536 videtur.
1266 2468 1468 2556 Quamquam

296 2559 372 2641 quid
396 2578 475 2642 opus
499 2564 547 2622 est
569 2561 603 2622 11
626 2560 686 2623 hoc
707 2560 930 2644 philosophari,
947 2580 1027 2640 ,cum
1049 2563 1108 2625 hac
1131 2561 1170 2624 de
1192 2580 1227 2626 re
1245 2561 1369 2626 diverse
1386 2561 1466 2626 iudi·

295 2648 359 2708 cari
382 2666 474 2729 posse
496 2649 579 2710 inter
602 2666 711 2712 omnes
734 2650 877 2713 constet?
914 2647 1135 2714 Demonstravi
1157 2651 1242 2714 eninr
1262 2651 1347 2714 hunc
1365 2652 1467 2735 prolo-

293 2755 372 2816 gum
399 2735 488 2798 aliter
516 2755 644 2820 quoque
671 2742 767 2821 atque
793 2737 840 2800 illi
870 2740 929 2800 viri
958 2738 1042 2801 docti
1069 2738 1194 2821 volunt,
1221 2741 1339 2824 percipi
1367 2759 1467 2824 posse.

295 2822 366 2887 Hoc
388 2831 494 2888 autem
517 2826 593 2888 satis
617 2831 664 2889 est
687 2826 726 2889 ad
750 2845 859 2889 eorum
882 2834 1104 2911 argumentum
1126 2827 1360 2893 infirmandum.

382 2911 423 2976 Il.
447 2915 594 2977 Alterum
621 2923 853 2998 argumentum,
881 2936 945 3000 quo
968 2923 1004 2981 ut
1028 2918 1190 3002 Adelphos
1214 2923 1286 2982 ante
1309 2917 1466 2999 Hecyram

294 3001 350 3086 (ΙΙ)
378 3008 479 3066 aetam
506 3022 574 3068 esse
602 3005 808 3087 demonstret,
839 3004 1109 3070 Paeclrelmannus
1137 3008 1169 3088 (1.
1194 3027 1265 3070 ss.
1289 3027 1317 3091 p.
1343 3007 1382 3069 31
1407 3002 1464 3094 sq.)

292 3093 407 3174 utitur,
439 3098 487 3157 est
518 3094 591 3157 hoc:
626 3113 751 3175 „nonne
778 3113 867 3158 mens
895 3115 973 3159 sana
998 3094 1180 3160 Terentium
1208 3097 1301 3160 iussit
1328 3097 1467 3180 primum

292 3180 408 3263 fabula,
432 3202 527 3266 quam
550 3182 687 3267 populus
710 3188 766 3246 aut
788 3184 852 3247 iam
874 3183 1061 3267 probaverat
1084 3193 1140 3249 aut
1163 3205 1260 3269 quam
1277 3184 1411 3248 saneah
1431 3203 1468 3250 eo

292 3269 458 3353 probatum
483 3272 525 3333 iri
546 3290 671 3355 sperare
693 3278 825 3356 poterat,
848 3277 1057 3357 spectatorum
1078 3276 1200 3338 animos
1219 3275 1280 3338 sibi
1299 3273 1468 3338 conciliare

292 3365 324 3421 et
350 3364 458 3442 postea
486 3359 627 3423 fabulam
655 3363 797 3445 quinque
826 3363 918 3426 annis
945 3367 1019 3425 ante
1043 3381 1104 3426 non
1130 3369 1286 3447 peractam
1311 3361 1467 3428 referres*

292 3445 396 3529 Certe,
423 3447 516 3512 nobis
543 3451 602 3512 hoc
631 3450 896 3515 verisimillimum
924 3470 992 3515 esse
1016 3453 1154 3533 videtur,
1182 3453 1236 3516 sed
1259 3451 1468 3516 Terentiusne

292 3537 403 3600 eodem
429 3537 522 3602 modo
550 3541 649 3622 egerit
676 3546 731 3602 aut
759 3540 896 3622 omnino,
925 3559 988 3624 quo
1013 3546 1079 3604 erat
1101 3543 1198 3604 animi
1222 3541 1345 3623 habitu,
1373 3560 1467 3625 agere

383 3694 413 3763 Π)
431 3695 583 3750 Wilmanns
601 3696 619 3751 l.
637 3712 658 3750 s.
676 3712 697 3751 s.
716 3701 747 3766 p.
760 3697 794 3752 50
813 3713 852 3766 sq.
873 3727 905 3737 —
925 3697 1121 3752 Pasohelmann
1138 3699 1156 3752 l.
1176 3715 1197 3753 s.
1216 3715 1237 3753 s.
1257 3717 1282 3769 p.
1301 3699 1336 3754 29
1353 3715 1411 3768 sqq.
1431 3729 1467 3740 -

291 3765 416 3820 Dziatzho
438 3767 468 3819 in
490 3767 559 3821 Mus.
583 3768 669 3823 Rhen.
688 3784 749 3822 nov.
769 3769 840 3822 XXI
861 3785 885 3837 p.
906 3769 940 3823 79
959 3769 987 3822 et
1002 3769 1031 3821 in
1053 3769 1160 3824 Phorm.
1182 3769 1258 3824 edit.¹
1276 3770 1367 3840 (1885)
1386 3787 1411 3840 p.
1432 3771 1467 3824 12

291 3854 317 3890 n.
337 3839 362 3890 3.
383 3867 415 3876 -
435 3837 557 3907 Wagner
574 3839 602 3892 in
621 3839 707 3894 annal.
727 3839 815 3909 philol.
834 3855 896 3894 nov.
915 3838 980 3894 XCI
998 3840 1091 3910 (1865)
1110 3858 1135 3910 p.
1154 3841 1215 3897 290.
1352 3849 1355 3856 ’

382 3907 413 3975 ⁷⁸)
431 3908 448 3962 l.
462 3925 483 3962 s.
497 3925 518 3963 s.
532 3927 556 3979 p.
571 3911 613 3965 49.
634 3941 667 3950 -
688 3912 722 3966 ci.
742 3911 857 3965 Hauler:
875 3910 983 3965 Phorm.
1004 3911 1064 3965 111.Β
1081 3928 1106 3981 p.
1121 3914 1194 3967 111.
1209 3916 1232 3966 l.
1384 3977 1387 3982 ¹

382 3979 412 4047 79)
431 3981 466 4034 11.
485 3981 606 4050 Wagner
616 3981 634 4035 l.
648 3997 668 4036 s.
683 3998 704 4036 s.
720 4012 751 4020 —
765 3982 808 4035 Ita
817 3981 871 4035 iam
885 3982 1004 4036 Donatus
1015 3982 1045 4035 in
1058 3983 1171 4053 Adelph.
1185 3985 1270 4054 praei.
1285 3985 1331 4053 (oi.
1345 3984 1466 4038 Reiffer-

290 4049 401 4103 scheidii
424 4052 486 4105 edit.
510 4051 608 4106 Donati
631 4053 715 4122 praei.
741 4051 856 4122 [libellus
875 4053 992 4108 univers.
1017 4053 1290 4127 Vratislav.1875l6]
1314 4073 1339 4125 p.
1357 4058 1372 4109 7
1391 4055 1408 4109 l.
1422 4055 1466 4124 6):

291 4121 341 4189 „ln
359 4121 409 4174 hac
432 4122 555 4192 prologus
578 4123 711 4192 aliquanto
733 4123 820 4178 lenior
841 4123 989 4179 inducitur:
1013 4126 1096 4195 magis
1119 4127 1200 4181 etiam
1223 4127 1252 4180 in
1270 4142 1300 4180 se
1319 4126 1466 4198 purgando,

290 4208 368 4260 quam
387 4192 416 4245 in
434 4193 594 4248 adversariis
611 4194 748 4249 laedendis
766 4196 809 4248 est
826 4197 996 4265 occupatus.“

379 4261 410 4332 ⁹⁰)
430 4265 465 4319 of.
485 4265 633 4319 Karstenus
651 4265 668 4319 l.
682 4281 703 4320 s.
717 4279 737 4320 s.
751 4281 777 4334 p.
789 4265 843 4321 208
855 4281 893 4335 sq.
