3280 5048
692 313 915 375 ..47-

218 495 291 560 citia
313 493 474 558 coniuncti
498 497 596 571 erant,
619 491 788 575 gloriatum
810 509 887 556 esse.
926 489 1010 554 Nihil
1029 490 1127 573 igitur
1143 490 1281 554 inveniri
1298 508 1391 574 posse

218 583 378 664 videmus,
411 601 474 665 quo
503 601 559 645 eae
586 580 799 662 difficultates,
831 598 913 664 quae
939 580 967 643 si
993 579 1159 663 prologum
1187 580 1227 644 ad
1256 581 1391 663 primam

218 673 361 738 Andriae
384 672 540 735 actionem
560 670 734 751 referimus,
757 669 849 732 valde
866 687 925 732 nos
944 667 1117 750 offendunt,
1139 669 1290 752 explicari
1308 669 1391 732 tolli-

220 779 283 846 que
308 761 438 844 possint.
489 757 578 835 Quae
605 779 678 824 cum
705 760 749 822 ita
775 759 853 840 sint,
880 757 983 821 facere
1010 776 1073 823 non
1102 777 1283 842 possumus,
1311 759 1390 841 quin

219 849 386 934 prologum
409 849 449 913 ad
472 849 674 934 posteriorem
697 848 852 912 actionem
875 846 1055 912 referamus.

235 942 236 946 ’
309 939 339 1002 5.
366 937 529 1002 Postremo
556 936 700 1002 versibus
727 937 828 1000 huius·
850 936 972 1020 prologi
1001 935 1119 1000 ultimis
1148 937 1208 1000 riri
1234 937 1315 1001 docti
1339 937 1390 1000 usi

219 1033 294 1092 sunt
317 1031 357 1108 (v.
376 1029 419 1090 24
442 1029 535 1112 sqq.):
887 1083 888 1086 ,

379 1115 522 1200 „Favete
546 1116 652 1180 adeste
675 1134 779 1200 aequo
799 1115 906 1179 animo
929 1119 960 1179 et
982 1133 1050 1179 rem
1072 1116 1259 1198 cognoscite,

380 1204 424 1269 Ut
445 1207 648 1290 pernoscatis,
670 1205 785 1289 ecquid
808 1206 876 1288 spei
898 1206 939 1268 sit
960 1205 1122 1287 relicuom,

376 1293 514 1359 'Posthac
537 1315 616 1379 quas
639 1295 731 1358 faciet
754 1294 793 1358 de
815 1295 938 1378 integro
961 1293 1146 1376 comoedias,

379 1383 574 1469 Spectandae
597 1404 638 1448 an
661 1383 837 1468 exigendae
859 1385 924 1446 sint
946 1381 1037 1447 vobis
1057 1384 1230 1468 prius“.²⁸).

307 1472 347 1536 In
374 1473 491 1559 quibus
518 1475 600 1545 duos
627 1473 712 1538 locos
735 1477 923 1555 tractmunt3
951 1491 1066 1554 unum,
1094 1492 1157 1556 quo
1181 1473 1309 1555 legitur:
1334 1474 1391 1553 „de

219 1562 374 1645 integro“;
404 1563 517 1627 deinde
544 1581 688 1628 versum:
720 1561 924 1647 „spectandae
950 1581 991 1624 an
1019 1562 1193 1646 exigendae
1215 1563 1280 1626 sint
1300 1561 1391 1626 robis

239 1653 332 1716 rius.“

219 1671 239 1734 p
308 1740 453 1806 Primum
470 1742 577 1825 igitur,
600 1741 678 1825 quid
697 1740 757 1805 sibi
775 1741 852 1805 velit
869 1741 927 1823 „de
945 1740 1094 1824 iutegru“,
1118 1741 1288 1824 quaeritur.
1322 1739 1392 1804 Iam

221 1827 364 1894 Donatus
372 1837 475 1916 rogat:
494 1835 620 1913 „utrum
636 1831 740 1895 denuo
750 1850 790 1895 an
806 1831 988 1914 exintegris
1004 1827 1224 1912 Graecis?“.¹⁹)
1249 1829 1391 1915 Utraque

219 1920 433 2004 interpretatio
461 1923 577 1985 iterum
604 1922 784 2003 iterumque
811 1940 830 1983 a
854 1920 930 1983 viris
957 1919 1057 1983 doctis
1081 1919 1201 2003 prolata
1224 1925 1279 1984 est.
1324 1919 1392 1984 Tali

218 2008 312 2076 modo
344 2016 458 2074 autem.
478 2011 691 2074 conuoversia
720 2029 784 2073 non
814 2008 944 2080 tollitur.
982 2006 1206 2084 Quaerendum
1228 2010 1313 2073 onim
1336 2014 1392 2091 est,

219 2104 328 2162 utrum
346 2118 411 2162 vox
432 2099 489 2163 illa
512 2101 593 2163 hano
615 2103 784 2182 utramque
802 2099 869 2162 vim
885 2097 1001 2162 habere
1019 2099 1149 2162 omnino
1167 2100 1265 2182 possit
1282 2117 1390 2163 necne.

220 2185 314 2252 Prius
337 2190 364 2252 si
387 2190 566 2270 statuimus,
588 2189 641 2251 hic
663 2187 763 2269 locus,
785 2189 902 2272 quippe
925 2206 989 2272 quo
1010 2193 1145 2271 utraque
1162 2188 1267 2252 fulciri
1284 2190 1394 2272 possit,

220 2277 349 2340 omnino
368 2278 427 2342 hac
442 2279 478 2340 in
497 2278 681 2361 quaestione
700 2277 901 2341 diiudicanda
920 2276 1112 2342 omittendus
1126 2282 1181 2342 est
1213 2277 1269 2342 Sin
1285 2282 1392 2342 autem

221 2363 356 2426 alterum
370 2367 560 2448 statuimus,
592 2385 629 2431 eo
653 2367 739 2450 quod
761 2384 871 2431 vocem
894 2365 982 2429 illam
1005 2371 1129 2430 tantum
1151 2385 1247 2429 uuam
1272 2365 1391 2448 signifi-

222 2452 376 2516 sationem
404 2452 519 2533 habere
545 2473 636 2538 posse
663 2457 821 2536 videmus,
849 2457 1062 2519 controversia
1090 2455 1219 2518 omnino
1246 2473 1309 2518 non
1335 2461 1391 2520 est.

310 2539 367 2622 ,De
384 2543 517 2627 integro‘
534 2562 683 2630 persaepe
702 2545 786 2610 idem
805 2563 873 2608 esse
891 2550 988 2628 atque
1011 2543 1151 2625 „denuo“
1174 2545 1207 2607 in
1225 2543 1391 2628 propatulo

171 2675 173 2680 -
221 2635 268 2692 est
291 2649 394 2714 neque
417 2633 486 2696 eius
510 2652 587 2697 usus
610 2653 690 2718 opus
713 2636 773 2698 orit
795 2633 906 2699 afferre
928 2634 1123 2716 exemplum)
1158 2631 1283 2699 Dixerit
1306 2635 1392 2718 quis-
1500 2683 1504 2692 ,

219 2719 303 2802 piam
323 2720 403 2785 hano
422 2721 684 2805 significationem
703 2722 743 2787 ab
762 2723 908 2788 hocloco
924 2724 1059 2788 adanam
1075 2741 1152 2803 esse,
1169 2743 1243 2786 cum
1259 2723 1392 2788 verbum

219 2811 364 2891 ‚posthac‘
393 2811 479 2894 quod
506 2811 618 2876 eodem
644 2831 740 2876 versu
767 2812 897 2896 legitur,
923 2813 1016 2896 plane
1044 2813 1176 2877 eandem
1203 2815 1269 2876 vim
1296 2818 1392 2897 atque

218 2895 298 2961 illud
331 2899 379 2980 ,de
405 2901 537 2983 integro‘
569 2900 724 2984 praebeat.
770 2901 883 2985 Neque
905 2921 980 2965 vero
1004 2902 1080 2966 haec
1110 2892 1300 2988 ταίτολογία
1332 2903 1392 2966 hoc

219 2984 289 3048 loco
316 2985 452 3050 multum
481 2989 578 3071 valet,
605 3009 678 3055 cum
703 2990 839 3055 alterum
861 2991 900 3054 ad
924 2992 1111 3054 sententiam
1133 2992 1391 3073 interrogativum

220 3073 382 3158 („posthac
407 3078 594 3160 spectandae
617 3099 658 3143 au
681 3080 855 3164 exigendae
878 3081 980 3162 sint‘),
1008 3079 1140 3143 alterum
1165 3079 1205 3142 ad
1228 3080 1390 3143 relativam

218 3163 329 3247 („quas
359 3165 398 3229 de
423 3167 546 3250 integro
567 3166 660 3232 faciet
683 3168 890 3250 comoedias“)
913 3168 1110 3232 referendum
1135 3169 1184 3231 sit.
1226 3167 1391 3232 Praeterea

218 3271 282 3316 non
311 3253 426 3319 desunt
453 3254 528 3337 loci,
556 3256 673 3340 quibus
696 3257 831 3322 Romani
857 3259 940 3322 idem
965 3258 1114 3341 temporis
1137 3263 1333 3321 momentum
1355 3264 1392 3322 ut

220 3360 316 3424 quam
336 3345 570 3410 accuratissime
587 3345 696 3431 figant,
719 3347 843 3412 duabus
861 3347 1004 3412 eiusdem
1021 3345 1086 3410 fere
1104 3347 1241 3410 notionis
1262 3347 1391 3411 vocibus

219 3429 407 3516 significant,
428 3434 459 3498 id
479 3436 564 3519 quod
583 3438 737 3501 sermonis
756 3437 905 3501 cotidiani
922 3437 1085 3522 proprium
1100 3435 1197 3500 fuisse
1214 3434 1390 3519 ridetur.⁸¹)

309 3605 444 3676 'uuum
463 3610 583 3666 diversas
606 3611 817 3681 significationes
841 3612 884 3666 hio
911 3612 1012 3666 eisdem
1040 3611 1130 3666 verbis
1157 3610 1208 3665 viri
1226 3611 1296 3665 docti
1315 3611 1390 3665 attri-

217 3676 332 3746 buerint,
342 3681 374 3733 ut
382 3695 458 3736 suam
471 3682 583 3751 quisque
596 3683 758 3737 sententiam
770 3682 887 3746 fulciret,
898 3683 1049 3751 expositum
1058 3684 1101 3738 ast
1109 3699 1190 3751 supra
1201 3698 1226 3751 p.
1237 3683 1272 3735 24
1281 3683 1340 3736 adn.
1347 3684 1389 3737 50.

308 3748 340 3817 ¹⁹)
360 3751 401 3805 Ab
425 3751 476 3806 hae
501 3753 636 3808 sententia
653 3753 732 3823 plane
758 3756 821 3808 sunt
847 3754 962 3821 diversa,
989 3771 1056 3823 quae
1082 3753 1249 3823 Eugraphius
1275 3754 1390 3819 adnotat,

218 3823 446 3948 eustatii.
459 3823 612 3949 w
629 3826 721 3950 idus
740 3825 858 3950 dui..
866 3824 1391 3950 districtuum&

217 3962 415 4032 transtulerit‘3
439 3910 516 4034 ertat
531 3913 798 4036 igitur'diugraghius
816 3967 971 4036 ‚deintegro‘
991 3982 1050 4021 esse
1069 3983 1141 4034 „non
1159 3967 1390 4022 contaminatam“.

308 4033 340 4100 ⁸⁰)
359 4036 394 4090 cf.
407 4035 598 4091 Drakenborch
610 4039 662 4106 (ap.
673 4039 795 4093 Grauert.
806 4038 823 4092 l.
832 4038 849 4092 l.
859 4056 885 4108 p.
898 4040 941 4105 15)
956 4041 984 4092 et
992 4037 1188 4092 Paeekelmann
1197 4038 1214 4092 l.
1225 4038 1242 4093 l.
1252 4054 1278 4107 p.
1289 4038 1324 4093 20
1332 4053 1390 4108 sqq.

307 4105 339 4174 81)
359 4105 461 4161 Similia
479 4107 603 4176 exempla
621 4112 684 4162 sunt
702 4108 794 4162 multa.
832 4110 867 4164 oi.
887 4109 998 4164 Casinas
1016 4108 1082 4178 prol.
1102 4125 1128 4163 v.
1148 4110 1195 4164 33:
1215 4109 1319 4178 „postid
1331 4126 1390 4163 rur·

216 4191 276 4229 sum
294 4177 383 4230 denuo
401 4178 497 4232 Latine
515 4178 626 4232 Plautus
646 4195 705 4232 oum
725 4180 833 4234 latranti
859 4181 997 4248 nomine“;
1024 4180 1106 4234 Poen.
1126 4181 1190 4249 prol.
1211 4198 1236 4234 v.
1257 4181 1303 4235 79:
1329 4197 1389 4248 „re-

215 4249 307 4300 vortar
325 4264 420 4302 rursus
438 4250 525 4302 denuo
539 4248 752 4318 Oamhaginem“,
772 4251 805 4304 ad
824 4267 904 4320 quem
923 4252 1010 4307 locum
1025 4252 1088 4321 quid
1101 4251 1271 4305 Oasaubonus
1283 4252 1389 4320 dixerit,
