3280 5048
691 372 912 438 -13-

215 558 359 640 Hecyrae
387 561 462 640 post
490 559 667 618 ceterarum
701 553 884 616 fabularum.
913 553 1063 626 actioneS,
1095 551 1132 614 ad
1162 570 1241 635 quas
1268 549 1387 634 prologi

214 653 365 732 spectant,
383 647 496 709 iactam
520 662 601 722 esse;
623 642 739 726 quibus
758 644 915 706 concessis
934 641 1029 704 finam
1046 660 1174 724 quoque
1188 643 1278 703 seriei
1296 639 1388 703 lrabe-

213 757 294 801 mus.
340 734 487 819 Denique
521 753 594 798 cum
627 733 849 796 Phormionem
882 737 953 814 post
984 730 1193 794 calamitatem
1221 723 1389 813 quandam,

218 846 314 910 quam
333 843 500 889 suceessus
519 823 650 906 excepit,
668 828 768 884 aotam
789 840 857 884 esse
874 820 1055 899 viderimus,
1074 821 1225 902 sequitur,
1245 830 1280 881 ut
1296 819 1389 881 l'lror-

215 917 280 979 mio
304 920 387 978 certe
409 922 479 998 post
502 920 532 976 ot
550 911 697 995 Hecyrae
720 917 751 974 et
769 909 1120 974 Heautontimorumeni
1142 905 1276 992 primam
1295 909 1390 971 artiu-

215 1024 289 1069 nem
318 1010 386 1067 acta
416 1005 471 1067 sit·
511 1001 615 1066 Series
643 1001 740 1084 igitur
767 999 946 1063 fabularum
974 997 1205 1080 chronologica,
1235 1002 1388 1080 quantum

216 1113 257 1157 ex
281 1094 417 1177 singulis
439 1092 577 1176 prologis
600 1091 741 1173 intellegi
764 1094 874 1172 potest,
897 1089 974 1151 haec
997 1093 1065 1151 esta

571 1197 595 1260 I.
606 1197 739 1277 Andria,
761 1198 852 1260 ouius
875 1195 1000 1258 fabulae
1018 1194 1167 1278 prologus
1187 1195 1308 1277 primus
1324 1211 1390 1255 om-

604 1289 695 1350 nium
718 1292 893 1350 ceterorum
918 1290 973 1348 est.

554 1393 595 1460 II.
607 1393 734 1475 Hecyra
757 1391 798 1480 (Ι)
822 1399 853 1458 et
1019 1410 1100 1473 quae
1111 1390 1237 1454 fabulae
1246 1390 1390 1453 continu-

606 1482 982 1547 Heautontimorumenos
1020 1501 1074 1544 um
1088 1481 1231 1544 ordinem
1241 1479 1389 1544 efficiunt.

217 1591 296 1645 Certe
307 1592 367 1656 νοεῖ
375 1590 511 1658 Hecyram
540 1600 597 1663 ΙΙΙ.
610 1598 767 1663 Phormio.

217 1661 253 1728 (1)
266 1663 294 1715 ⁰l
308 1660 511 1714 Heautontimo
540 1688 596 1753 IV.
607 1687 750 1770 Hecyrae
763 1689 900 1753 secunda
911 1673 1100 1874 aetiopquae
1116 1685 1213 1748 finem
1230 1686 1327 1749 totius
1344 1703 1391 1748 se·

218 1733 513 1786 rumenonactaesunt
833 1780 839 1792 ,
936 1779 942 1791 ,
1258 1777 1264 1788 ,

217 1800 324 1856 fabulae
342 1802 405 1856 hae:
601 1777 747 1860 Hecyrae
769 1784 861 1842 tertia
883 1784 964 1842 actio
1019 1796 1076 1840 rrer
1095 1775 1219 1839 efficere
1237 1775 1391 1838 videntur.

308 1892 357 1959 De
379 1892 530 1957 Eunuchi
553 1898 585 1958 et
607 1893 824 1978 Adelphorum
849 1899 989 1977 ternpore
1007 1893 1087 1956 nihil
1107 1893 1184 1956 certi
1202 1896 1336 1955 constat:
1360 1890 1393 1953 id

218 1983 321 2047 solum
340 2003 396 2068 pro
412 1982 639 2048 verisimillimo
656 1983 808 2049 habemus
822 1988 992 2066 utramque
1007 1981 1147 2048 fabulam
1161 1986 1234 2046 ante
1249 1979 1394 2062 Hecyrae

217 2073 390 2137 secundam
413 2077 444 2136 et
467 2075 590 2138 tertiam
613 2075 769 2138 actionem
791 2079 893 2136 actam
911 2089 993 2150 esse;
1019 2076 1178 2156 praeterea
1201 2078 1323 2134 certum
1346 2075 1394 2132 est

218 2163 379 2247 Adelphos
407 2161 547 2226 fabulam
577 2168 657 2247 post‘
672 2164 850 2248 complures
873 2162 951 2225 alias
973 2160 1098 2225 Terenti
1121 2160 1245 2225 fabulas
1268 2177 1393 2242 oompo-

217 2253 311 2316 sitam·
333 2269 409 2317 esse.
434 2289 475 2299 -

306 2341 403 2406 Nunc
433 2343 526 2406 venio
558 2343 598 2406 ad
626 2342 757 2406 alteram
787 2341 1017 2424 quaestionem,
1050 2361 1113 2425 qua
1141 2333 1322 2424 quaerimus
1353 2357 1394 2401 ex

218 2431 357 2514 prologis
379 2433 462 2495 inter
485 2450 519 2495 se
542 2433 729 2513 comparatis
753 2431 828 2513 quid
853 2431 1019 2494 discamus.

239 2663 361 2761 Caput
380 2665 424 2740 ll:
452 2662 514 2746 lix
541 2662 737 2868 prologpls
764 2662 878 2746 inter
905 2683 952 2746 se
980 2661 1244 2762 comparatis
1272 2661 1371 2762 quid

723 2808 922 2871 rseamus.

308 2929 414 2995 Etiam
432 2931 524 3014 plura
542 2933 576 2995 in
595 2933 655 2996 hac
673 2935 857 3016 quaestione
875 2931 1085 3017 proficiemus,
1108 2933 1135 2994 si
1150 2932 1296 3016 prologos
1312 2932 1395 2992 inter

220 3036 254 3080 se
283 3021 584 3103 comparaverimus;
614 3041 650 3085 ac
678 3024 911 3106 nequicquam
935 3023 1215 3101 omittamus,1·em
1239 3023 1283 3084 ita
1306 3021 1394 3082 insti·

221 3111 357 3190 tuamne,
382 3112 417 3171 ut
438 3108 577 3192 primum
600 3128 653 3174 eos
676 3112 876 3196 prologorum
896 3111 990 3191 locos,
1014 3111 1070 3194 qui
1088 3111 1170 3172 inter
1189 3127 1222 3172 se
1241 3109 1394 3172 simillimi

220 3201 296 3266 suut
313 3197 382 3261 sive
396 3195 561 3262 Terentius
580 3199 712 3262 eandem
728 3201 979 3264 adversariorum
996 3198 1264 3262 insimulationem
1279 3198 1395 3260 refutat

220 3287 289 3351 sive
316 3285 513 3352 adversarios
541 3289 735 3372 aggreditur,
763 3291 847 3354 inter
874 3309 908 3354 se
936 3307 1167 3373 comparemus,
1195 3287 1308 3351 deinde
1335 3288 1395 3350 hac

220 3377 341 3440 ratione
364 3379 391 3440 si
415 3395 524 3441 omnes
547 3377 633 3442 locos
655 3379 694 3442 ad
720 3380 862 3444 ordinem
885 3377 1065 3443 fabularum
1087 3379 1279 3462 pertinentes
1302 3396 1394 3440 accu-

220 3469 289 3527 rate
312 3467 613 3548 examinaverimus,
643 3487 679 3532 ea
703 3488 785 3552 quae
807 3469 921 3533 lucrati
944 3469 1061 3532 erimus
1085 3467 1394 3551 comprehendamus.

311 3554 360 3617 Ac
378 3557 516 3638 primum
536 3557 664 3641 quidem
683 3576 737 3621 eos
752 3556 901 3621 binorum
915 3558 1118 3643 prologorum
1133 3558 1219 3620 looos
1235 3557 1394 3620 examina-

220 3662 301 3726 mur,
325 3643 441 3728 quibus
464 3645 504 3710 ab
528 3647 638 3710 eadem
661 3648 880 3711 criminatione
903 3652 994 3731 poeta
1017 3665 1050 3710 se
1074 3645 1260 3717 defendit.²²l

286 3891 292 3902 '
311 3819 342 3889 ”l
361 3819 475 3878 Prorsus
494 3823 629 3878 reicienda
647 3825 690 3878 est
707 3822 857 3878 Schindleri
876 3821 1056 3891 sententiaa.
1075 3838 1096 3876 s.
1116 3838 1137 3876 e.
1156 3839 1181 3890 p.
1196 3823 1249 3890 33),
1269 3821 1314 3890 qui
1332 3821 1394 3874 fieri

221 3891 337 3957 potiusne
347 3895 435 3964 negat,
445 3897 476 3948 ut
485 3895 629 3950 adversarii
638 3906 722 3948 unum
732 3895 856 3962 idemque
864 3895 977 3949 diversis
987 3894 1150 3962 temporibus
1158 3894 1281 3948 Terentio
1290 3892 1394 3947 crimini

220 3961 328 4031 darent,
352 3981 431 4033 quam
450 3965 483 4019 ob
501 3982 608 4020 causam
628 3982 673 4021 eas
691 3965 807 4033 fabulas,
832 3982 944 4034 quarum
962 3966 990 4019 in
1010 3965 1123 4035 prologis
1142 3965 1174 4019 ab
1194 3966 1287 4019 eodem
1306 3963 1394 4018 Lusoii

219 4033 315 4101 probro
332 4051 369 4090 -se
387 4036 517 4103 defendit,
541 4038 621 4106 (aaut
639 4038 767 4091 Andriam
786 4039 814 4091 et
832 4037 1168 4103 Heautontimorumenon,
1192 4035 1393 4091 Heautontimo-

220 4121 352 4160 rumenon
371 4109 400 4184 et
412 4107 558 4175 Adelphos)
577 4109 677 4163 eisdem
696 4110 756 4164 fere
769 4109 933 4177 temporibus
946 4111 1017 4162 actas
1031 4123 1090 4162 esse
1104 4110 1192 4176 putat,
1211 4124 1299 4176 neque
1312 4107 1394 4160 multo

219 4175 297 4230 aliter
315 4177 465 4259 Karstenus
484 4177 512 4244 tl.
531 4193 552 4232 s.
572 4193 593 4232 e.
612 4196 638 4247 p.
657 4179 720 4248 221)
747 4182 908 4236 sententiam
932 4195 1020 4246 suam,
1047 4195 1100 4248 qua
1119 4179 1234 4233 Andriae
1257 4178 1394 4247 prologum

219 4250 279 4315 post
290 4249 589 4303 Heautonhmorumoni
607 4249 745 4320 prologum
764 4253 939 4320 compositum
958 4267 1017 4306 esse
1036 4252 1121 4319 putat,
1141 4267 1173 4304 eo
1192 4251 1277 4318 lnloit,
1296 4253 1327 4303 ut
1339 4254 1394 4304 hn-

219 4319 293 4374 driae
312 4322 340 4374 et
358 4320 482 4375 Eunuchi
500 4319 620 4392 prologos
638 4321 711 4375 inter
728 4338 758 4377 se
777 4323 924 4377 simillimos
943 4339 1002 4377 esse
1022 4323 1151 4376 ostendat.
